<record>
  <leader>02685cas a2200601   4500</leader>
  <controlfield tag="005">20200728163236.0</controlfield>
  <controlfield tag="008">810619c19699999enkwr p  o    0   a0eng  </controlfield>
  <controlfield tag="001">99299653506421</controlfield>
  <datafield tag="010" ind1=" " ind2=" ">
    <subfield code="a">   75644287 </subfield>
  </datafield>
  <datafield tag="012" ind1=" " ind2=" ">
    <subfield code="a">4</subfield>
    <subfield code="b">3</subfield>
    <subfield code="d">7</subfield>
    <subfield code="e">s</subfield>
    <subfield code="f">-</subfield>
    <subfield code="g">p</subfield>
    <subfield code="h">-</subfield>
    <subfield code="i">8609</subfield>
    <subfield code="k">1</subfield>
    <subfield code="m">0</subfield>
  </datafield>
  <datafield tag="016" ind1="7" ind2=" ">
    <subfield code="a">011137302</subfield>
    <subfield code="2">Uk</subfield>
  </datafield>
  <datafield tag="016" ind1="7" ind2=" ">
    <subfield code="a">AA10489671</subfield>
    <subfield code="2">JP-ToKJK</subfield>
  </datafield>
  <datafield tag="019" ind1=" " ind2=" ">
    <subfield code="a">2268587</subfield>
    <subfield code="a">538022438</subfield>
    <subfield code="a">846855602</subfield>
  </datafield>
  <datafield tag="022" ind1="0" ind2=" ">
    <subfield code="a">0307-661X</subfield>
    <subfield code="l">0307-661X</subfield>
    <subfield code="2">z</subfield>
    <subfield code="0">(uri) http://worldcat.org/issn/0307-661X</subfield>
  </datafield>
  <datafield tag="035" ind1=" " ind2=" ">
    <subfield code="a">(OCoLC)ocm02241740</subfield>
    <subfield code="0">(uri) http://www.worldcat.org/oclc/02241740</subfield>
  </datafield>
  <datafield tag="035" ind1=" " ind2=" ">
    <subfield code="a">(OCoLC)2241740</subfield>
    <subfield code="z">(OCoLC)2268587</subfield>
    <subfield code="z">(OCoLC)538022438</subfield>
    <subfield code="z">(OCoLC)846855602</subfield>
    <subfield code="0">(uri) http://www.worldcat.org/oclc/2241740</subfield>
    <subfield code="0">(uri) http://www.worldcat.org/oclc/2268587</subfield>
    <subfield code="0">(uri) http://www.worldcat.org/oclc/538022438</subfield>
    <subfield code="0">(uri) http://www.worldcat.org/oclc/846855602</subfield>
  </datafield>
  <datafield tag="035" ind1=" " ind2=" ">
    <subfield code="9">AAJ4333TS</subfield>
  </datafield>
  <datafield tag="035" ind1=" " ind2=" ">
    <subfield code="a">29965</subfield>
  </datafield>
  <datafield tag="035" ind1=" " ind2=" ">
    <subfield code="a">(NjP)29965-princetondb</subfield>
  </datafield>
  <datafield tag="035" ind1=" " ind2=" ">
    <subfield code="z">(OCoLC)2268587</subfield>
    <subfield code="z">(OCoLC)538022438</subfield>
    <subfield code="z">(OCoLC)846855602</subfield>
    <subfield code="0">(uri) http://www.worldcat.org/oclc/2268587</subfield>
    <subfield code="0">(uri) http://www.worldcat.org/oclc/538022438</subfield>
    <subfield code="0">(uri) http://www.worldcat.org/oclc/846855602</subfield>
  </datafield>
  <datafield tag="037" ind1=" " ind2=" ">
    <subfield code="b">Times Newspapers Limited, P.O. Box 7, 200 Gray's Inn Road, London WC1X 8EZ, England</subfield>
  </datafield>
  <datafield tag="040" ind1=" " ind2=" ">
    <subfield code="a">DLC</subfield>
    <subfield code="b">eng</subfield>
    <subfield code="c">DLC</subfield>
    <subfield code="d">NSD</subfield>
    <subfield code="d">OCL</subfield>
    <subfield code="d">AIP</subfield>
    <subfield code="d">OCL</subfield>
    <subfield code="d">NST</subfield>
    <subfield code="d">HUL</subfield>
    <subfield code="d">NST</subfield>
    <subfield code="d">IUL</subfield>
    <subfield code="d">NST</subfield>
    <subfield code="d">NSD</subfield>
    <subfield code="d">NST</subfield>
    <subfield code="d">HUL</subfield>
    <subfield code="d">NSD</subfield>
    <subfield code="d">NST</subfield>
    <subfield code="d">DLC</subfield>
    <subfield code="d">SYS</subfield>
    <subfield code="d">OCLCQ</subfield>
    <subfield code="d">NSD</subfield>
    <subfield code="d">CDS</subfield>
    <subfield code="d">HLS</subfield>
    <subfield code="d">LVB</subfield>
    <subfield code="d">U9S</subfield>
    <subfield code="d">OCLCQ</subfield>
    <subfield code="d">DOS</subfield>
    <subfield code="d">UKMGB</subfield>
    <subfield code="d">TULIB</subfield>
    <subfield code="d">INU</subfield>
    <subfield code="d">OCLCF</subfield>
    <subfield code="d">OCLCO</subfield>
    <subfield code="d">EUW</subfield>
    <subfield code="d">OCLCO</subfield>
    <subfield code="d">OCLCQ</subfield>
    <subfield code="d">DOS</subfield>
    <subfield code="d">OCLCO</subfield>
    <subfield code="d">OCL</subfield>
    <subfield code="d">OCLCO</subfield>
    <subfield code="d">FC@</subfield>
    <subfield code="d">NjP</subfield>
  </datafield>
  <datafield tag="042" ind1=" " ind2=" ">
    <subfield code="a">pcc</subfield>
    <subfield code="a">nsdp</subfield>
  </datafield>
  <datafield tag="050" ind1="0" ind2="0">
    <subfield code="a">AP4</subfield>
    <subfield code="b">.T45</subfield>
  </datafield>
  <datafield tag="050" ind1=" " ind2="4">
    <subfield code="a">Z1035A1T5</subfield>
  </datafield>
  <datafield tag="082" ind1="0" ind2="4">
    <subfield code="a">072/.1</subfield>
  </datafield>
  <datafield tag="210" ind1="0" ind2=" ">
    <subfield code="a">TLS. Times lit. suppl.</subfield>
  </datafield>
  <datafield tag="222" ind1=" " ind2="0">
    <subfield code="a">TLS. Times literary supplement</subfield>
  </datafield>
  <datafield tag="245" ind1="0" ind2="0">
    <subfield code="a">TLS, the Times literary supplement.</subfield>
  </datafield>
  <datafield tag="246" ind1="3" ind2="0">
    <subfield code="a">Times literary supplement</subfield>
  </datafield>
  <datafield tag="246" ind1="3" ind2="0">
    <subfield code="a">TLS</subfield>
  </datafield>
  <datafield tag="260" ind1=" " ind2=" ">
    <subfield code="a">[London] :</subfield>
    <subfield code="b">[Times Newspapers Ltd.]</subfield>
  </datafield>
  <datafield tag="300" ind1=" " ind2=" ">
    <subfield code="a">volumes :</subfield>
    <subfield code="b">illustrations ;</subfield>
    <subfield code="c">42 cm</subfield>
  </datafield>
  <datafield tag="310" ind1=" " ind2=" ">
    <subfield code="a">Weekly</subfield>
  </datafield>
  <datafield tag="336" ind1=" " ind2=" ">
    <subfield code="a">text</subfield>
    <subfield code="b">txt</subfield>
    <subfield code="2">rdacontent</subfield>
  </datafield>
  <datafield tag="337" ind1=" " ind2=" ">
    <subfield code="a">unmediated</subfield>
    <subfield code="b">n</subfield>
    <subfield code="2">rdamedia</subfield>
  </datafield>
  <datafield tag="338" ind1=" " ind2=" ">
    <subfield code="a">volume</subfield>
    <subfield code="b">nc</subfield>
    <subfield code="2">rdacarrier</subfield>
  </datafield>
  <datafield tag="362" ind1="0" ind2=" ">
    <subfield code="a">68th- year (no. 3488- ); Jan. 2, 1969-</subfield>
  </datafield>
  <datafield tag="515" ind1=" " ind2=" ">
    <subfield code="a">Suspended Dec. 1, 1978-Nov. 11, 1979.</subfield>
  </datafield>
  <datafield tag="530" ind1=" " ind2=" ">
    <subfield code="a">Also available on microfilm.</subfield>
  </datafield>
  <datafield tag="555" ind1=" " ind2=" ">
    <subfield code="a">1940/80 4 v. (Includes index to the publication under its earlier title). 1981/85 1 v.</subfield>
  </datafield>
  <datafield tag="650" ind1=" " ind2="0">
    <subfield code="a">Books</subfield>
    <subfield code="v">Reviews</subfield>
    <subfield code="v">Periodicals.</subfield>
    <subfield code="0">http://id.loc.gov/authorities/subjects/sh2007102097</subfield>
    <subfield code="0">(uri) http://id.loc.gov/authorities/subjects/sh2007102097</subfield>
  </datafield>
  <datafield tag="650" ind1=" " ind2="7">
    <subfield code="a">Books.</subfield>
    <subfield code="2">fast</subfield>
    <subfield code="0">(OCoLC)fst00836401</subfield>
    <subfield code="0">(uri) http://id.worldcat.org/fast/fst00836401</subfield>
  </datafield>
  <datafield tag="655" ind1=" " ind2="7">
    <subfield code="a">Book reviews</subfield>
    <subfield code="2">fast</subfield>
    <subfield code="0">(OCoLC)fst01423756</subfield>
    <subfield code="0">(uri) http://id.worldcat.org/fast/fst01423756</subfield>
  </datafield>
  <datafield tag="655" ind1=" " ind2="7">
    <subfield code="a">Periodicals.</subfield>
    <subfield code="2">fast</subfield>
    <subfield code="0">(OCoLC)fst01411641</subfield>
    <subfield code="0">(uri) http://id.loc.gov/authorities/genreForms/gf2014026139</subfield>
    <subfield code="0">(uri) http://id.worldcat.org/fast/fst01411641</subfield>
  </datafield>
  <datafield tag="655" ind1=" " ind2="7">
    <subfield code="a">Reviews.</subfield>
    <subfield code="2">fast</subfield>
    <subfield code="0">(OCoLC)fst01423760</subfield>
    <subfield code="0">(uri) http://id.loc.gov/authorities/genreForms/gf2014026168</subfield>
    <subfield code="0">(uri) http://id.worldcat.org/fast/fst01423760</subfield>
  </datafield>
  <datafield tag="655" ind1=" " ind2="7">
    <subfield code="a">Periodicals.</subfield>
    <subfield code="2">lcgft</subfield>
    <subfield code="0">http://id.loc.gov/authorities/genreForms/gf2014026139</subfield>
    <subfield code="0">(uri) http://id.loc.gov/authorities/genreForms/gf2014026139</subfield>
    <subfield code="0">(uri) http://id.worldcat.org/fast/fst01411641</subfield>
  </datafield>
  <datafield tag="655" ind1=" " ind2="7">
    <subfield code="a">Reviews.</subfield>
    <subfield code="2">lcgft</subfield>
    <subfield code="0">http://id.loc.gov/authorities/genreForms/gf2014026168</subfield>
    <subfield code="0">(uri) http://id.loc.gov/authorities/genreForms/gf2014026168</subfield>
    <subfield code="0">(uri) http://id.worldcat.org/fast/fst01423760</subfield>
  </datafield>
  <datafield tag="730" ind1="0" ind2=" ">
    <subfield code="a">Times (London, England)</subfield>
    <subfield code="0">http://id.loc.gov/authorities/names/n82037624</subfield>
    <subfield code="0">(uri) http://id.loc.gov/authorities/names/n82037624</subfield>
    <subfield code="0">(uri) http://viaf.org/viaf/sourceID/LC|n82037624</subfield>
  </datafield>
  <datafield tag="772" ind1="0" ind2=" ">
    <subfield code="t">Times (London, England)</subfield>
    <subfield code="x">0140-0460</subfield>
    <subfield code="w">(DLC)sn 85054080</subfield>
    <subfield code="w">(OCoLC)6967919</subfield>
  </datafield>
  <datafield tag="780" ind1="0" ind2="0">
    <subfield code="t">Times literary supplement</subfield>
    <subfield code="x">0040-7895</subfield>
    <subfield code="w">(DLC)sn 89007753</subfield>
    <subfield code="w">(OCoLC)1767078</subfield>
  </datafield>
  <datafield tag="787" ind1="0" ind2="8">
    <subfield code="i">Some essays and reviews compiled annually in:</subfield>
    <subfield code="t">T.L.S.</subfield>
    <subfield code="g">1969-1973</subfield>
    <subfield code="x">0082-4410</subfield>
    <subfield code="w">(DLC)   63004597</subfield>
    <subfield code="w">(OCoLC)1645935</subfield>
  </datafield>
  <datafield tag="787" ind1="0" ind2=" ">
    <subfield code="t">Times literary supplement index</subfield>
    <subfield code="w">(OCoLC)6498965</subfield>
  </datafield>
  <datafield tag="852" ind1="0" ind2=" ">
    <subfield code="b">xl</subfield>
    <subfield code="h">AP4</subfield>
    <subfield code="i">.T564f</subfield>
    <subfield code="p">33152</subfield>
    <subfield code="x">reclassed from: 0901.T59f</subfield>
  </datafield>
  <datafield tag="999" ind1=" " ind2=" ">
    <subfield code="a">29965</subfield>
  </datafield>
  <datafield tag="950" ind1=" " ind2=" ">
    <subfield code="b">2020-12-02 20:15:04 US/Eastern</subfield>
    <subfield code="a">false</subfield>
  </datafield>
  <datafield tag="852" ind1="8" ind2="0">
    <subfield code="b">firestone</subfield>
    <subfield code="c">stacks</subfield>
    <subfield code="h">uncat1</subfield>
    <subfield code="8">22252328970006421</subfield>
  </datafield>
  <datafield tag="866" ind1=" " ind2="0">
    <subfield code="z">Subscription cancelled with the last issue of 2003.</subfield>
    <subfield code="8">22252328970006421</subfield>
  </datafield>
  <datafield tag="952" ind1=" " ind2=" ">
    <subfield code="a">2020-12-03 01:15:04</subfield>
    <subfield code="8">22252328970006421</subfield>
    <subfield code="b">Firestone Library</subfield>
    <subfield code="c">stacks: Firestone Library</subfield>
    <subfield code="e">true</subfield>
  </datafield>
  <datafield tag="852" ind1="0" ind2="1">
    <subfield code="b">recap</subfield>
    <subfield code="c">pb</subfield>
    <subfield code="h">AP4</subfield>
    <subfield code="i">.T564f</subfield>
    <subfield code="8">22252328960006421</subfield>
  </datafield>
  <datafield tag="866" ind1=" " ind2="0">
    <subfield code="a">No. 3488 (Jan. 2, 1969)-no. 4000 (Nov. 22, 1979)</subfield>
    <subfield code="8">22252328960006421</subfield>
  </datafield>
  <datafield tag="866" ind1=" " ind2="0">
    <subfield code="z">LACKS: no. 3602, 3613, 3713, 3848,, 3932, 3963, 3984-3985, 4042, 4030</subfield>
    <subfield code="8">22252328960006421</subfield>
  </datafield>
  <datafield tag="952" ind1=" " ind2=" ">
    <subfield code="a">2020-12-03 01:15:04</subfield>
    <subfield code="8">22252328960006421</subfield>
    <subfield code="b">ReCAP</subfield>
    <subfield code="c">DO NOT USE rcppb: RECAP Firestone Use</subfield>
    <subfield code="e">false</subfield>
  </datafield>
  <datafield tag="852" ind1="8" ind2="0">
    <subfield code="b">firestone</subfield>
    <subfield code="c">se</subfield>
    <subfield code="8">22252311230006421</subfield>
  </datafield>
  <datafield tag="866" ind1=" " ind2="0">
    <subfield code="z">CURRENT PAPER ISSUES IN: (SE)</subfield>
    <subfield code="8">22252311230006421</subfield>
  </datafield>
  <datafield tag="952" ind1=" " ind2=" ">
    <subfield code="a">2020-12-03 01:15:04</subfield>
    <subfield code="8">22252311230006421</subfield>
    <subfield code="b">Firestone Library</subfield>
    <subfield code="c">se: Scribner Room</subfield>
    <subfield code="e">false</subfield>
  </datafield>
  <datafield tag="852" ind1="8" ind2="0">
    <subfield code="b">firestone</subfield>
    <subfield code="c">stacks</subfield>
    <subfield code="h">uncat2</subfield>
    <subfield code="8">22252328980006421</subfield>
  </datafield>
  <datafield tag="952" ind1=" " ind2=" ">
    <subfield code="a">2020-12-03 01:15:04</subfield>
    <subfield code="8">22252328980006421</subfield>
    <subfield code="b">Firestone Library</subfield>
    <subfield code="c">stacks: Firestone Library</subfield>
    <subfield code="e">true</subfield>
  </datafield>
  <datafield tag="852" ind1="8" ind2="1">
    <subfield code="b">recap</subfield>
    <subfield code="c">pf</subfield>
    <subfield code="h">MICROFILM S00529</subfield>
    <subfield code="8">22252312140006421</subfield>
  </datafield>
  <datafield tag="866" ind1=" " ind2="0">
    <subfield code="a">No. 3488 (Jan. 2, 1969)-no. 5621/22 (Dec. 2010)</subfield>
    <subfield code="8">22252312140006421</subfield>
  </datafield>
  <datafield tag="866" ind1=" " ind2="0">
    <subfield code="z">CURRENT PAPER ISSUES IN: (PR), (SE)</subfield>
    <subfield code="8">22252312140006421</subfield>
  </datafield>
  <datafield tag="952" ind1=" " ind2=" ">
    <subfield code="a">2020-12-03 01:15:04</subfield>
    <subfield code="8">22252312140006421</subfield>
    <subfield code="b">ReCAP</subfield>
    <subfield code="c">DO NOT USE rcppf: RECAP Microforms</subfield>
    <subfield code="e">false</subfield>
  </datafield>
  <datafield tag="852" ind1="8" ind2="0">
    <subfield code="b">firestone</subfield>
    <subfield code="c">pr</subfield>
    <subfield code="h">Printed Journals</subfield>
    <subfield code="8">22252329550006421</subfield>
  </datafield>
  <datafield tag="866" ind1=" " ind2=" ">
    <subfield code="z">CURRENT PAPER ISSUES IN: (PR)</subfield>
    <subfield code="8">22252329550006421</subfield>
  </datafield>
  <datafield tag="952" ind1=" " ind2=" ">
    <subfield code="a">2020-12-03 01:15:04</subfield>
    <subfield code="8">22252329550006421</subfield>
    <subfield code="b">Firestone Library</subfield>
    <subfield code="c">pr: Periodicals Collection</subfield>
    <subfield code="e">false</subfield>
  </datafield>
  <datafield tag="852" ind1="8" ind2="1">
    <subfield code="b">firestone</subfield>
    <subfield code="c">flm</subfield>
    <subfield code="h">MICROFILM S00529</subfield>
    <subfield code="8">22252328790006421</subfield>
  </datafield>
  <datafield tag="866" ind1=" " ind2="0">
    <subfield code="a">No. 5623 (Jan. 2011)-no. 6091 (Dec 2019)</subfield>
    <subfield code="8">22252328790006421</subfield>
  </datafield>
  <datafield tag="866" ind1=" " ind2="0">
    <subfield code="z">CURRENT PAPER ISSUES IN: (PR), (SE)</subfield>
    <subfield code="8">22252328790006421</subfield>
  </datafield>
  <datafield tag="952" ind1=" " ind2=" ">
    <subfield code="a">2020-12-03 01:15:04</subfield>
    <subfield code="8">22252328790006421</subfield>
    <subfield code="b">Firestone Library</subfield>
    <subfield code="c">flm: Firestone Microforms</subfield>
    <subfield code="e">false</subfield>
  </datafield>
  <datafield tag="876" ind1=" " ind2=" ">
    <subfield code="0">22252311230006421</subfield>
    <subfield code="a">23252310580006421</subfield>
    <subfield code="j">1</subfield>
    <subfield code="3">5996</subfield>
    <subfield code="d">2020-12-03 01:15:04</subfield>
    <subfield code="4">2018</subfield>
    <subfield code="p">ISSitm338-283.9480-princetondb</subfield>
  </datafield>
  <datafield tag="876" ind1=" " ind2=" ">
    <subfield code="0">22252312140006421</subfield>
    <subfield code="a">23252312060006421</subfield>
    <subfield code="j">1</subfield>
    <subfield code="3">Jul-Dec 1969</subfield>
    <subfield code="d">2020-12-03 01:15:04</subfield>
    <subfield code="p">32101070319247</subfield>
    <subfield code="t">1</subfield>
  </datafield>
  <datafield tag="876" ind1=" " ind2=" ">
    <subfield code="0">22252311230006421</subfield>
    <subfield code="a">23252310910006421</subfield>
    <subfield code="j">1</subfield>
    <subfield code="3">6051</subfield>
    <subfield code="d">2020-12-03 01:15:04</subfield>
    <subfield code="4">2019</subfield>
    <subfield code="p">ISSitm338-283.10030-princetondb</subfield>
  </datafield>
  <datafield tag="876" ind1=" " ind2=" ">
    <subfield code="0">22252328790006421</subfield>
    <subfield code="a">23252328780006421</subfield>
    <subfield code="j">1</subfield>
    <subfield code="3">July /Dec.  2019</subfield>
    <subfield code="d">2020-12-03 01:15:04</subfield>
    <subfield code="p">32101107775338</subfield>
    <subfield code="t">1</subfield>
  </datafield>
  <datafield tag="876" ind1=" " ind2=" ">
    <subfield code="0">22252311230006421</subfield>
    <subfield code="a">23252310540006421</subfield>
    <subfield code="j">1</subfield>
    <subfield code="3">6023</subfield>
    <subfield code="d">2020-12-03 01:15:04</subfield>
    <subfield code="4">2018</subfield>
    <subfield code="p">ISSitm338-283.9750-princetondb</subfield>
  </datafield>
  <datafield tag="876" ind1=" " ind2=" ">
    <subfield code="0">22252329550006421</subfield>
    <subfield code="a">23252329300006421</subfield>
    <subfield code="j">1</subfield>
    <subfield code="3">6069</subfield>
    <subfield code="d">2020-12-03 01:15:04</subfield>
    <subfield code="4">2019</subfield>
    <subfield code="p">ISSitm339-284.9950-princetondb</subfield>
  </datafield>
  <datafield tag="876" ind1=" " ind2=" ">
    <subfield code="0">22252311230006421</subfield>
    <subfield code="a">23252310560006421</subfield>
    <subfield code="j">1</subfield>
    <subfield code="3">6024</subfield>
    <subfield code="d">2020-12-03 01:15:04</subfield>
    <subfield code="4">2018</subfield>
    <subfield code="p">ISSitm338-283.9760-princetondb</subfield>
  </datafield>
  <datafield tag="876" ind1=" " ind2=" ">
    <subfield code="0">22252311230006421</subfield>
    <subfield code="a">23252310990006421</subfield>
    <subfield code="j">1</subfield>
    <subfield code="3">6101</subfield>
    <subfield code="d">2020-12-03 01:15:04</subfield>
    <subfield code="4">2020</subfield>
    <subfield code="p">ISSitm338-283.10530-princetondb</subfield>
  </datafield>
  <datafield tag="876" ind1=" " ind2=" ">
    <subfield code="0">22252311230006421</subfield>
    <subfield code="a">23252311120006421</subfield>
    <subfield code="j">1</subfield>
    <subfield code="3">6022</subfield>
    <subfield code="d">2020-12-03 01:15:04</subfield>
    <subfield code="4">2018</subfield>
    <subfield code="p">ISSitm338-283.9740-princetondb</subfield>
  </datafield>
  <datafield tag="876" ind1=" " ind2=" ">
    <subfield code="0">22252329550006421</subfield>
    <subfield code="a">23252329320006421</subfield>
    <subfield code="j">1</subfield>
    <subfield code="3">6107</subfield>
    <subfield code="d">2020-12-03 01:15:04</subfield>
    <subfield code="4">2020</subfield>
    <subfield code="p">ISSitm339-284.10330-princetondb</subfield>
  </datafield>
  <datafield tag="876" ind1=" " ind2=" ">
    <subfield code="0">22252329550006421</subfield>
    <subfield code="a">23252329340006421</subfield>
    <subfield code="j">1</subfield>
    <subfield code="3">6080</subfield>
    <subfield code="d">2020-12-03 01:15:04</subfield>
    <subfield code="4">2019</subfield>
    <subfield code="p">ISSitm339-284.10060-princetondb</subfield>
  </datafield>
  <datafield tag="876" ind1=" " ind2=" ">
    <subfield code="0">22252311230006421</subfield>
    <subfield code="a">23252310950006421</subfield>
    <subfield code="j">1</subfield>
    <subfield code="3">5979</subfield>
    <subfield code="d">2020-12-03 01:15:04</subfield>
    <subfield code="4">2017</subfield>
    <subfield code="p">ISSitm338-283.9310-princetondb</subfield>
  </datafield>
  <datafield tag="876" ind1=" " ind2=" ">
    <subfield code="0">22252311230006421</subfield>
    <subfield code="a">23252329680006421</subfield>
    <subfield code="j">1</subfield>
    <subfield code="3">6040</subfield>
    <subfield code="d">2020-12-03 01:15:04</subfield>
    <subfield code="4">2019</subfield>
    <subfield code="p">ISSitm338-283.9920-princetondb</subfield>
  </datafield>
  <datafield tag="876" ind1=" " ind2=" ">
    <subfield code="0">22252311230006421</subfield>
    <subfield code="a">23252310970006421</subfield>
    <subfield code="j">1</subfield>
    <subfield code="3">6112</subfield>
    <subfield code="d">2020-12-03 01:15:04</subfield>
    <subfield code="p">ISSitm338-283.10640-princetondb</subfield>
  </datafield>
  <datafield tag="876" ind1=" " ind2=" ">
    <subfield code="0">22252311230006421</subfield>
    <subfield code="a">23252311100006421</subfield>
    <subfield code="j">1</subfield>
    <subfield code="3">6033</subfield>
    <subfield code="d">2020-12-03 01:15:04</subfield>
    <subfield code="4">2018</subfield>
    <subfield code="p">ISSitm338-283.9850-princetondb</subfield>
  </datafield>
  <datafield tag="876" ind1=" " ind2=" ">
    <subfield code="0">22252311230006421</subfield>
    <subfield code="a">23252311140006421</subfield>
    <subfield code="j">1</subfield>
    <subfield code="3">6012</subfield>
    <subfield code="d">2020-12-03 01:15:04</subfield>
    <subfield code="4">2018</subfield>
    <subfield code="p">ISSitm338-283.9640-princetondb</subfield>
  </datafield>
  <datafield tag="876" ind1=" " ind2=" ">
    <subfield code="0">22252311230006421</subfield>
    <subfield code="a">23252310930006421</subfield>
    <subfield code="j">1</subfield>
    <subfield code="3">6001</subfield>
    <subfield code="d">2020-12-03 01:15:04</subfield>
    <subfield code="4">2018</subfield>
    <subfield code="p">ISSitm338-283.9530-princetondb</subfield>
  </datafield>
  <datafield tag="876" ind1=" " ind2=" ">
    <subfield code="0">22252311230006421</subfield>
    <subfield code="a">23252311160006421</subfield>
    <subfield code="j">1</subfield>
    <subfield code="3">6004</subfield>
    <subfield code="d">2020-12-03 01:15:04</subfield>
    <subfield code="4">2018</subfield>
    <subfield code="p">ISSitm338-283.9560-princetondb</subfield>
  </datafield>
  <datafield tag="876" ind1=" " ind2=" ">
    <subfield code="0">22252311230006421</subfield>
    <subfield code="a">23252311180006421</subfield>
    <subfield code="j">1</subfield>
    <subfield code="3">5994</subfield>
    <subfield code="d">2020-12-03 01:15:04</subfield>
    <subfield code="4">2018</subfield>
    <subfield code="p">ISSitm338-283.9460-princetondb</subfield>
  </datafield>
  <datafield tag="876" ind1=" " ind2=" ">
    <subfield code="0">22252312140006421</subfield>
    <subfield code="a">23252311530006421</subfield>
    <subfield code="j">1</subfield>
    <subfield code="3">Jul-Dec 1993</subfield>
    <subfield code="d">2020-12-03 01:15:04</subfield>
    <subfield code="p">32101070320203</subfield>
    <subfield code="t">1</subfield>
  </datafield>
  <datafield tag="876" ind1=" " ind2=" ">
    <subfield code="0">22252311230006421</subfield>
    <subfield code="a">23252329640006421</subfield>
    <subfield code="j">1</subfield>
    <subfield code="3">6058</subfield>
    <subfield code="d">2020-12-03 01:15:04</subfield>
    <subfield code="4">2019</subfield>
    <subfield code="p">ISSitm338-283.10100-princetondb</subfield>
  </datafield>
  <datafield tag="876" ind1=" " ind2=" ">
    <subfield code="0">22252311230006421</subfield>
    <subfield code="a">23252329660006421</subfield>
    <subfield code="j">1</subfield>
    <subfield code="3">6047</subfield>
    <subfield code="d">2020-12-03 01:15:04</subfield>
    <subfield code="4">2019</subfield>
    <subfield code="p">ISSitm338-283.9990-princetondb</subfield>
  </datafield>
  <datafield tag="876" ind1=" " ind2=" ">
    <subfield code="0">22252311230006421</subfield>
    <subfield code="a">23252311090006421</subfield>
    <subfield code="j">1</subfield>
    <subfield code="3">6019</subfield>
    <subfield code="d">2020-12-03 01:15:04</subfield>
    <subfield code="4">2018</subfield>
    <subfield code="p">ISSitm338-283.9710-princetondb</subfield>
  </datafield>
  <datafield tag="876" ind1=" " ind2=" ">
    <subfield code="0">22252312140006421</subfield>
    <subfield code="a">23252311510006421</subfield>
    <subfield code="j">1</subfield>
    <subfield code="3">Jul-Dec 1994</subfield>
    <subfield code="d">2020-12-03 01:15:04</subfield>
    <subfield code="p">32101070320229</subfield>
    <subfield code="t">1</subfield>
  </datafield>
  <datafield tag="876" ind1=" " ind2=" ">
    <subfield code="0">22252312140006421</subfield>
    <subfield code="a">23252311550006421</subfield>
    <subfield code="j">1</subfield>
    <subfield code="3">Jul-Dec 1992</subfield>
    <subfield code="d">2020-12-03 01:15:04</subfield>
    <subfield code="p">32101070320187</subfield>
    <subfield code="t">1</subfield>
  </datafield>
  <datafield tag="876" ind1=" " ind2=" ">
    <subfield code="0">22252311230006421</subfield>
    <subfield code="a">23252310110006421</subfield>
    <subfield code="j">1</subfield>
    <subfield code="3">6070</subfield>
    <subfield code="d">2020-12-03 01:15:04</subfield>
    <subfield code="4">2019</subfield>
    <subfield code="p">ISSitm338-283.10220-princetondb</subfield>
  </datafield>
  <datafield tag="876" ind1=" " ind2=" ">
    <subfield code="0">22252311230006421</subfield>
    <subfield code="a">23252329710006421</subfield>
    <subfield code="j">1</subfield>
    <subfield code="3">6036</subfield>
    <subfield code="d">2020-12-03 01:15:04</subfield>
    <subfield code="4">2018</subfield>
    <subfield code="p">ISSitm338-283.9880-princetondb</subfield>
  </datafield>
  <datafield tag="876" ind1=" " ind2=" ">
    <subfield code="0">22252311230006421</subfield>
    <subfield code="a">23252329730006421</subfield>
    <subfield code="j">1</subfield>
    <subfield code="3">5976</subfield>
    <subfield code="d">2020-12-03 01:15:04</subfield>
    <subfield code="4">2017</subfield>
    <subfield code="p">ISSitm338-283.9280-princetondb</subfield>
  </datafield>
  <datafield tag="876" ind1=" " ind2=" ">
    <subfield code="0">22252311230006421</subfield>
    <subfield code="a">23252310130006421</subfield>
    <subfield code="j">1</subfield>
    <subfield code="3">6060</subfield>
    <subfield code="d">2020-12-03 01:15:04</subfield>
    <subfield code="4">2019</subfield>
    <subfield code="p">ISSitm338-283.10120-princetondb</subfield>
  </datafield>
  <datafield tag="876" ind1=" " ind2=" ">
    <subfield code="0">22252311230006421</subfield>
    <subfield code="a">23252329770006421</subfield>
    <subfield code="j">1</subfield>
    <subfield code="3">5991</subfield>
    <subfield code="d">2020-12-03 01:15:04</subfield>
    <subfield code="4">2018</subfield>
    <subfield code="p">ISSitm338-283.9430-princetondb</subfield>
  </datafield>
  <datafield tag="876" ind1=" " ind2=" ">
    <subfield code="0">22252312140006421</subfield>
    <subfield code="a">23252311570006421</subfield>
    <subfield code="j">1</subfield>
    <subfield code="3">Jul-Dec 1991</subfield>
    <subfield code="d">2020-12-03 01:15:04</subfield>
    <subfield code="p">32101070320161</subfield>
    <subfield code="t">1</subfield>
  </datafield>
  <datafield tag="876" ind1=" " ind2=" ">
    <subfield code="0">22252329550006421</subfield>
    <subfield code="a">23252329360006421</subfield>
    <subfield code="j">1</subfield>
    <subfield code="3">6088</subfield>
    <subfield code="d">2020-12-03 01:15:04</subfield>
    <subfield code="4">2019</subfield>
    <subfield code="p">ISSitm339-284.10140-princetondb</subfield>
  </datafield>
  <datafield tag="876" ind1=" " ind2=" ">
    <subfield code="0">22252329550006421</subfield>
    <subfield code="a">23252329380006421</subfield>
    <subfield code="j">1</subfield>
    <subfield code="3">6075</subfield>
    <subfield code="d">2020-12-03 01:15:04</subfield>
    <subfield code="4">2019</subfield>
    <subfield code="p">ISSitm339-284.10010-princetondb</subfield>
  </datafield>
  <datafield tag="876" ind1=" " ind2=" ">
    <subfield code="0">22252312140006421</subfield>
    <subfield code="a">23252311400006421</subfield>
    <subfield code="j">1</subfield>
    <subfield code="3">Jan-Jun 2000</subfield>
    <subfield code="d">2020-12-03 01:15:04</subfield>
    <subfield code="p">32101070320336</subfield>
    <subfield code="t">1</subfield>
  </datafield>
  <datafield tag="876" ind1=" " ind2=" ">
    <subfield code="0">22252312140006421</subfield>
    <subfield code="a">23252311420006421</subfield>
    <subfield code="j">1</subfield>
    <subfield code="3">Jan-Jun 1999</subfield>
    <subfield code="d">2020-12-03 01:15:04</subfield>
    <subfield code="p">32101070320310</subfield>
    <subfield code="t">1</subfield>
  </datafield>
  <datafield tag="876" ind1=" " ind2=" ">
    <subfield code="0">22252329550006421</subfield>
    <subfield code="a">23252329270006421</subfield>
    <subfield code="j">1</subfield>
    <subfield code="3">6124</subfield>
    <subfield code="d">2020-12-03 01:15:04</subfield>
    <subfield code="4">2020</subfield>
    <subfield code="p">ISSitm339-284.10500-princetondb</subfield>
  </datafield>
  <datafield tag="876" ind1=" " ind2=" ">
    <subfield code="0">22252329550006421</subfield>
    <subfield code="a">23252329290006421</subfield>
    <subfield code="j">1</subfield>
    <subfield code="3">6106</subfield>
    <subfield code="d">2020-12-03 01:15:04</subfield>
    <subfield code="4">2020</subfield>
    <subfield code="p">ISSitm339-284.10320-princetondb</subfield>
  </datafield>
  <datafield tag="876" ind1=" " ind2=" ">
    <subfield code="0">22252312140006421</subfield>
    <subfield code="a">23252311440006421</subfield>
    <subfield code="j">1</subfield>
    <subfield code="3">Jan-Jun 1998</subfield>
    <subfield code="d">2020-12-03 01:15:04</subfield>
    <subfield code="p">32101070320294</subfield>
    <subfield code="t">1</subfield>
  </datafield>
  <datafield tag="876" ind1=" " ind2=" ">
    <subfield code="0">22252312140006421</subfield>
    <subfield code="a">23252311460006421</subfield>
    <subfield code="j">1</subfield>
    <subfield code="3">Jan-Jun 1997</subfield>
    <subfield code="d">2020-12-03 01:15:04</subfield>
    <subfield code="p">32101070320278</subfield>
    <subfield code="t">1</subfield>
  </datafield>
  <datafield tag="876" ind1=" " ind2=" ">
    <subfield code="0">22252312140006421</subfield>
    <subfield code="a">23252311480006421</subfield>
    <subfield code="j">1</subfield>
    <subfield code="3">Jan-Jun 1996</subfield>
    <subfield code="d">2020-12-03 01:15:04</subfield>
    <subfield code="p">32101070320252</subfield>
    <subfield code="t">1</subfield>
  </datafield>
  <datafield tag="876" ind1=" " ind2=" ">
    <subfield code="0">22252329550006421</subfield>
    <subfield code="a">23252329250006421</subfield>
    <subfield code="j">1</subfield>
    <subfield code="3">6072</subfield>
    <subfield code="d">2020-12-03 01:15:04</subfield>
    <subfield code="4">2019</subfield>
    <subfield code="p">ISSitm339-284.9980-princetondb</subfield>
  </datafield>
  <datafield tag="876" ind1=" " ind2=" ">
    <subfield code="0">22252311230006421</subfield>
    <subfield code="a">23252310260006421</subfield>
    <subfield code="j">1</subfield>
    <subfield code="3">6069</subfield>
    <subfield code="d">2020-12-03 01:15:04</subfield>
    <subfield code="4">2019</subfield>
    <subfield code="p">ISSitm338-283.10210-princetondb</subfield>
  </datafield>
  <datafield tag="876" ind1=" " ind2=" ">
    <subfield code="0">22252311230006421</subfield>
    <subfield code="a">23252310240006421</subfield>
    <subfield code="j">1</subfield>
    <subfield code="3">6097</subfield>
    <subfield code="d">2020-12-03 01:15:04</subfield>
    <subfield code="4">2020</subfield>
    <subfield code="p">ISSitm338-283.10490-princetondb</subfield>
  </datafield>
  <datafield tag="876" ind1=" " ind2=" ">
    <subfield code="0">22252311230006421</subfield>
    <subfield code="a">23252310150006421</subfield>
    <subfield code="j">1</subfield>
    <subfield code="3">6032</subfield>
    <subfield code="d">2020-12-03 01:15:04</subfield>
    <subfield code="4">2018</subfield>
    <subfield code="p">ISSitm338-283.9840-princetondb</subfield>
  </datafield>
  <datafield tag="876" ind1=" " ind2=" ">
    <subfield code="0">22252312140006421</subfield>
    <subfield code="a">23252311590006421</subfield>
    <subfield code="j">1</subfield>
    <subfield code="3">Jul-Dec 1990</subfield>
    <subfield code="d">2020-12-03 01:15:04</subfield>
    <subfield code="p">32101070320146</subfield>
    <subfield code="t">1</subfield>
  </datafield>
  <datafield tag="876" ind1=" " ind2=" ">
    <subfield code="0">22252311230006421</subfield>
    <subfield code="a">23252310170006421</subfield>
    <subfield code="j">1</subfield>
    <subfield code="3">6006</subfield>
    <subfield code="d">2020-12-03 01:15:04</subfield>
    <subfield code="4">2018</subfield>
    <subfield code="p">ISSitm338-283.9580-princetondb</subfield>
  </datafield>
  <datafield tag="876" ind1=" " ind2=" ">
    <subfield code="0">22252311230006421</subfield>
    <subfield code="a">23252310190006421</subfield>
    <subfield code="j">1</subfield>
    <subfield code="3">6011</subfield>
    <subfield code="d">2020-12-03 01:15:04</subfield>
    <subfield code="4">2018</subfield>
    <subfield code="p">ISSitm338-283.9630-princetondb</subfield>
  </datafield>
  <datafield tag="876" ind1=" " ind2=" ">
    <subfield code="0">22252311230006421</subfield>
    <subfield code="a">23252310280006421</subfield>
    <subfield code="j">1</subfield>
    <subfield code="3">6041</subfield>
    <subfield code="d">2020-12-03 01:15:04</subfield>
    <subfield code="4">2019</subfield>
    <subfield code="p">ISSitm338-283.9930-princetondb</subfield>
  </datafield>
  <datafield tag="876" ind1=" " ind2=" ">
    <subfield code="0">22252311230006421</subfield>
    <subfield code="a">23252310200006421</subfield>
    <subfield code="j">1</subfield>
    <subfield code="3">5992</subfield>
    <subfield code="d">2020-12-03 01:15:04</subfield>
    <subfield code="4">2018</subfield>
    <subfield code="p">ISSitm338-283.9440-princetondb</subfield>
  </datafield>
  <datafield tag="876" ind1=" " ind2=" ">
    <subfield code="0">22252311230006421</subfield>
    <subfield code="a">23252310220006421</subfield>
    <subfield code="j">1</subfield>
    <subfield code="3">6110</subfield>
    <subfield code="d">2020-12-03 01:15:04</subfield>
    <subfield code="p">ISSitm338-283.10620-princetondb</subfield>
  </datafield>
  <datafield tag="876" ind1=" " ind2=" ">
    <subfield code="0">22252328960006421</subfield>
    <subfield code="a">23252328870006421</subfield>
    <subfield code="j">1</subfield>
    <subfield code="3">no. 3696-3712</subfield>
    <subfield code="d">2020-12-03 01:15:04</subfield>
    <subfield code="4">Jan.-Apr. 1973</subfield>
    <subfield code="p">32101086938279</subfield>
    <subfield code="t">1</subfield>
  </datafield>
  <datafield tag="876" ind1=" " ind2=" ">
    <subfield code="0">22252329550006421</subfield>
    <subfield code="a">23252329000006421</subfield>
    <subfield code="j">1</subfield>
    <subfield code="3">6104</subfield>
    <subfield code="d">2020-12-03 01:15:04</subfield>
    <subfield code="4">2020</subfield>
    <subfield code="p">ISSitm339-284.10300-princetondb</subfield>
  </datafield>
  <datafield tag="876" ind1=" " ind2=" ">
    <subfield code="0">22252311230006421</subfield>
    <subfield code="a">23252310840006421</subfield>
    <subfield code="j">1</subfield>
    <subfield code="3">6074</subfield>
    <subfield code="d">2020-12-03 01:15:04</subfield>
    <subfield code="4">2019</subfield>
    <subfield code="p">ISSitm338-283.10260-princetondb</subfield>
  </datafield>
  <datafield tag="876" ind1=" " ind2=" ">
    <subfield code="0">22252328790006421</subfield>
    <subfield code="a">23252328690006421</subfield>
    <subfield code="j">1</subfield>
    <subfield code="3">Jan 6-Jun 29, 2012</subfield>
    <subfield code="d">2020-12-03 01:15:04</subfield>
    <subfield code="p">32101071122269</subfield>
    <subfield code="t">1</subfield>
  </datafield>
  <datafield tag="876" ind1=" " ind2=" ">
    <subfield code="0">22252311230006421</subfield>
    <subfield code="a">23252310470006421</subfield>
    <subfield code="j">1</subfield>
    <subfield code="3">6114</subfield>
    <subfield code="d">2020-12-03 01:15:04</subfield>
    <subfield code="p">ISSitm338-283.10660-princetondb</subfield>
  </datafield>
  <datafield tag="876" ind1=" " ind2=" ">
    <subfield code="0">22252312140006421</subfield>
    <subfield code="a">23252312130006421</subfield>
    <subfield code="j">0</subfield>
    <subfield code="d">2020-12-03 01:15:04</subfield>
    <subfield code="4">2020</subfield>
    <subfield code="p">ISSitm22630.380-princetondb</subfield>
  </datafield>
  <datafield tag="876" ind1=" " ind2=" ">
    <subfield code="0">22252311230006421</subfield>
    <subfield code="a">23252310690006421</subfield>
    <subfield code="j">1</subfield>
    <subfield code="3">6054</subfield>
    <subfield code="d">2020-12-03 01:15:04</subfield>
    <subfield code="4">2019</subfield>
    <subfield code="p">ISSitm338-283.10060-princetondb</subfield>
  </datafield>
  <datafield tag="876" ind1=" " ind2=" ">
    <subfield code="0">22252311230006421</subfield>
    <subfield code="a">23252310610006421</subfield>
    <subfield code="j">1</subfield>
    <subfield code="3">5995</subfield>
    <subfield code="d">2020-12-03 01:15:04</subfield>
    <subfield code="4">2018</subfield>
    <subfield code="p">ISSitm338-283.9470-princetondb</subfield>
  </datafield>
  <datafield tag="876" ind1=" " ind2=" ">
    <subfield code="0">22252311230006421</subfield>
    <subfield code="a">23252310650006421</subfield>
    <subfield code="j">1</subfield>
    <subfield code="3">6088</subfield>
    <subfield code="d">2020-12-03 01:15:04</subfield>
    <subfield code="4">2019</subfield>
    <subfield code="p">ISSitm338-283.10400-princetondb</subfield>
  </datafield>
  <datafield tag="876" ind1=" " ind2=" ">
    <subfield code="0">22252329550006421</subfield>
    <subfield code="a">23252329230006421</subfield>
    <subfield code="j">1</subfield>
    <subfield code="3">6097</subfield>
    <subfield code="d">2020-12-03 01:15:04</subfield>
    <subfield code="4">2020</subfield>
    <subfield code="p">ISSitm339-284.10230-princetondb</subfield>
  </datafield>
  <datafield tag="876" ind1=" " ind2=" ">
    <subfield code="0">22252311230006421</subfield>
    <subfield code="a">23252311010006421</subfield>
    <subfield code="j">1</subfield>
    <subfield code="3">6077</subfield>
    <subfield code="d">2020-12-03 01:15:04</subfield>
    <subfield code="4">2019</subfield>
    <subfield code="p">ISSitm338-283.10290-princetondb</subfield>
  </datafield>
  <datafield tag="876" ind1=" " ind2=" ">
    <subfield code="0">22252311230006421</subfield>
    <subfield code="a">23252311050006421</subfield>
    <subfield code="j">1</subfield>
    <subfield code="3">6071</subfield>
    <subfield code="d">2020-12-03 01:15:04</subfield>
    <subfield code="4">2019</subfield>
    <subfield code="p">ISSitm338-283.10230-princetondb</subfield>
  </datafield>
  <datafield tag="876" ind1=" " ind2=" ">
    <subfield code="0">22252329550006421</subfield>
    <subfield code="a">23252329410006421</subfield>
    <subfield code="j">1</subfield>
    <subfield code="3">6110</subfield>
    <subfield code="d">2020-12-03 01:15:04</subfield>
    <subfield code="4">2020</subfield>
    <subfield code="p">ISSitm339-284.10360-princetondb</subfield>
  </datafield>
  <datafield tag="876" ind1=" " ind2=" ">
    <subfield code="0">22252329550006421</subfield>
    <subfield code="a">23252329450006421</subfield>
    <subfield code="j">1</subfield>
    <subfield code="3">6090</subfield>
    <subfield code="d">2020-12-03 01:15:04</subfield>
    <subfield code="4">2019</subfield>
    <subfield code="p">ISSitm339-284.10160-princetondb</subfield>
  </datafield>
  <datafield tag="876" ind1=" " ind2=" ">
    <subfield code="0">22252311230006421</subfield>
    <subfield code="a">23252310800006421</subfield>
    <subfield code="j">1</subfield>
    <subfield code="3">6117</subfield>
    <subfield code="d">2020-12-03 01:15:04</subfield>
    <subfield code="p">ISSitm338-283.10690-princetondb</subfield>
  </datafield>
  <datafield tag="876" ind1=" " ind2=" ">
    <subfield code="0">22252311230006421</subfield>
    <subfield code="a">23252329620006421</subfield>
    <subfield code="j">1</subfield>
    <subfield code="3">6065</subfield>
    <subfield code="d">2020-12-03 01:15:04</subfield>
    <subfield code="4">2019</subfield>
    <subfield code="p">ISSitm338-283.10170-princetondb</subfield>
  </datafield>
  <datafield tag="876" ind1=" " ind2=" ">
    <subfield code="0">22252311230006421</subfield>
    <subfield code="a">23252329590006421</subfield>
    <subfield code="j">1</subfield>
    <subfield code="3">6080</subfield>
    <subfield code="d">2020-12-03 01:15:04</subfield>
    <subfield code="4">2019</subfield>
    <subfield code="p">ISSitm338-283.10320-princetondb</subfield>
  </datafield>
  <datafield tag="876" ind1=" " ind2=" ">
    <subfield code="0">22252311230006421</subfield>
    <subfield code="a">23252310880006421</subfield>
    <subfield code="j">1</subfield>
    <subfield code="3">6061</subfield>
    <subfield code="d">2020-12-03 01:15:04</subfield>
    <subfield code="4">2019</subfield>
    <subfield code="p">ISSitm338-283.10130-princetondb</subfield>
  </datafield>
  <datafield tag="876" ind1=" " ind2=" ">
    <subfield code="0">22252312140006421</subfield>
    <subfield code="a">23252311270006421</subfield>
    <subfield code="j">1</subfield>
    <subfield code="3">Jan-Jun 2006</subfield>
    <subfield code="d">2020-12-03 01:15:04</subfield>
    <subfield code="p">32101070320450</subfield>
    <subfield code="t">1</subfield>
  </datafield>
  <datafield tag="876" ind1=" " ind2=" ">
    <subfield code="0">22252311230006421</subfield>
    <subfield code="a">23252329920006421</subfield>
    <subfield code="j">1</subfield>
    <subfield code="3">6095</subfield>
    <subfield code="d">2020-12-03 01:15:04</subfield>
    <subfield code="4">2020</subfield>
    <subfield code="p">ISSitm338-283.10470-princetondb</subfield>
  </datafield>
  <datafield tag="876" ind1=" " ind2=" ">
    <subfield code="0">22252312140006421</subfield>
    <subfield code="a">23252311850006421</subfield>
    <subfield code="j">1</subfield>
    <subfield code="3">Jul-Dec 1980</subfield>
    <subfield code="d">2020-12-03 01:15:04</subfield>
    <subfield code="p">32101070319940</subfield>
    <subfield code="t">1</subfield>
  </datafield>
  <datafield tag="876" ind1=" " ind2=" ">
    <subfield code="0">22252311230006421</subfield>
    <subfield code="a">23252310500006421</subfield>
    <subfield code="j">1</subfield>
    <subfield code="3">6057</subfield>
    <subfield code="d">2020-12-03 01:15:04</subfield>
    <subfield code="4">2019</subfield>
    <subfield code="p">ISSitm338-283.10090-princetondb</subfield>
  </datafield>
  <datafield tag="876" ind1=" " ind2=" ">
    <subfield code="0">22252329550006421</subfield>
    <subfield code="a">23252329080006421</subfield>
    <subfield code="j">1</subfield>
    <subfield code="3">6079</subfield>
    <subfield code="d">2020-12-03 01:15:04</subfield>
    <subfield code="4">2019</subfield>
    <subfield code="p">ISSitm339-284.10050-princetondb</subfield>
  </datafield>
  <datafield tag="876" ind1=" " ind2=" ">
    <subfield code="0">22252311230006421</subfield>
    <subfield code="a">23252329960006421</subfield>
    <subfield code="j">1</subfield>
    <subfield code="3">6020</subfield>
    <subfield code="d">2020-12-03 01:15:04</subfield>
    <subfield code="4">2018</subfield>
    <subfield code="p">ISSitm338-283.9720-princetondb</subfield>
  </datafield>
  <datafield tag="876" ind1=" " ind2=" ">
    <subfield code="0">22252312140006421</subfield>
    <subfield code="a">23252311920006421</subfield>
    <subfield code="j">1</subfield>
    <subfield code="3">Jul-Dec 1976</subfield>
    <subfield code="d">2020-12-03 01:15:04</subfield>
    <subfield code="p">32101070319387</subfield>
    <subfield code="t">1</subfield>
  </datafield>
  <datafield tag="876" ind1=" " ind2=" ">
    <subfield code="0">22252312140006421</subfield>
    <subfield code="a">23252311960006421</subfield>
    <subfield code="j">1</subfield>
    <subfield code="3">Jul-Dec 1974</subfield>
    <subfield code="d">2020-12-03 01:15:04</subfield>
    <subfield code="p">32101070319346</subfield>
    <subfield code="t">1</subfield>
  </datafield>
  <datafield tag="876" ind1=" " ind2=" ">
    <subfield code="0">22252328790006421</subfield>
    <subfield code="a">23252328610006421</subfield>
    <subfield code="j">1</subfield>
    <subfield code="3">Jan 6-June 30, 2017</subfield>
    <subfield code="d">2020-12-03 01:15:04</subfield>
    <subfield code="p">32101103820385</subfield>
    <subfield code="t">1</subfield>
  </datafield>
  <datafield tag="876" ind1=" " ind2=" ">
    <subfield code="0">22252328960006421</subfield>
    <subfield code="a">23252328900006421</subfield>
    <subfield code="j">1</subfield>
    <subfield code="3">no. 3610-3626</subfield>
    <subfield code="d">2020-12-03 01:15:04</subfield>
    <subfield code="4">May-Aug. 1971</subfield>
    <subfield code="p">32101086938329</subfield>
    <subfield code="t">1</subfield>
  </datafield>
  <datafield tag="876" ind1=" " ind2=" ">
    <subfield code="0">22252311230006421</subfield>
    <subfield code="a">23252310430006421</subfield>
    <subfield code="j">1</subfield>
    <subfield code="3">6120</subfield>
    <subfield code="d">2020-12-03 01:15:04</subfield>
    <subfield code="p">ISSitm338-283.10720-princetondb</subfield>
  </datafield>
  <datafield tag="876" ind1=" " ind2=" ">
    <subfield code="0">22252329550006421</subfield>
    <subfield code="a">23252329040006421</subfield>
    <subfield code="j">1</subfield>
    <subfield code="3">6099</subfield>
    <subfield code="d">2020-12-03 01:15:04</subfield>
    <subfield code="4">2020</subfield>
    <subfield code="p">ISSitm339-284.10250-princetondb</subfield>
  </datafield>
  <datafield tag="876" ind1=" " ind2=" ">
    <subfield code="0">22252312140006421</subfield>
    <subfield code="a">23252311890006421</subfield>
    <subfield code="j">1</subfield>
    <subfield code="3">Jul-Dec 1977</subfield>
    <subfield code="d">2020-12-03 01:15:04</subfield>
    <subfield code="p">32101070319882</subfield>
    <subfield code="t">1</subfield>
  </datafield>
  <datafield tag="876" ind1=" " ind2=" ">
    <subfield code="0">22252312140006421</subfield>
    <subfield code="a">23252312020006421</subfield>
    <subfield code="j">1</subfield>
    <subfield code="3">Jan.-June 2009</subfield>
    <subfield code="d">2020-12-03 01:15:04</subfield>
    <subfield code="p">32101052628185</subfield>
    <subfield code="t">1</subfield>
  </datafield>
  <datafield tag="876" ind1=" " ind2=" ">
    <subfield code="0">22252328960006421</subfield>
    <subfield code="a">23252328830006421</subfield>
    <subfield code="j">1</subfield>
    <subfield code="3">no. 3783-3799</subfield>
    <subfield code="d">2020-12-03 01:15:04</subfield>
    <subfield code="4">Sept.-Dec. 1974</subfield>
    <subfield code="p">32101086938238</subfield>
    <subfield code="t">1</subfield>
  </datafield>
  <datafield tag="876" ind1=" " ind2=" ">
    <subfield code="0">22252312140006421</subfield>
    <subfield code="a">23252311810006421</subfield>
    <subfield code="j">1</subfield>
    <subfield code="3">Jul-Dec 1982</subfield>
    <subfield code="d">2020-12-03 01:15:04</subfield>
    <subfield code="p">32101070319981</subfield>
    <subfield code="t">1</subfield>
  </datafield>
  <datafield tag="876" ind1=" " ind2=" ">
    <subfield code="0">22252311230006421</subfield>
    <subfield code="a">23252330000006421</subfield>
    <subfield code="j">1</subfield>
    <subfield code="3">5974</subfield>
    <subfield code="d">2020-12-03 01:15:04</subfield>
    <subfield code="4">2017</subfield>
    <subfield code="p">ISSitm338-283.9260-princetondb</subfield>
  </datafield>
  <datafield tag="876" ind1=" " ind2=" ">
    <subfield code="0">22252328790006421</subfield>
    <subfield code="a">23252328650006421</subfield>
    <subfield code="j">1</subfield>
    <subfield code="3">Jan 2-Jun 26, 2015</subfield>
    <subfield code="d">2020-12-03 01:15:04</subfield>
    <subfield code="p">32101096812357</subfield>
    <subfield code="t">1</subfield>
  </datafield>
  <datafield tag="876" ind1=" " ind2=" ">
    <subfield code="0">22252312140006421</subfield>
    <subfield code="a">23252311780006421</subfield>
    <subfield code="j">1</subfield>
    <subfield code="3">Jan-Jun 1984</subfield>
    <subfield code="d">2020-12-03 01:15:04</subfield>
    <subfield code="p">32101070320013</subfield>
    <subfield code="t">1</subfield>
  </datafield>
  <datafield tag="876" ind1=" " ind2=" ">
    <subfield code="0">22252328790006421</subfield>
    <subfield code="a">23252328720006421</subfield>
    <subfield code="j">1</subfield>
    <subfield code="3">Jul 5/Dec 27, 2013</subfield>
    <subfield code="d">2020-12-03 01:15:04</subfield>
    <subfield code="p">32101071621559</subfield>
    <subfield code="t">1</subfield>
  </datafield>
  <datafield tag="876" ind1=" " ind2=" ">
    <subfield code="0">22252328790006421</subfield>
    <subfield code="a">23252328760006421</subfield>
    <subfield code="j">1</subfield>
    <subfield code="3">July 1-Dec. 30, 2011</subfield>
    <subfield code="d">2020-12-03 01:15:04</subfield>
    <subfield code="p">32101070748056</subfield>
    <subfield code="t">1</subfield>
  </datafield>
  <datafield tag="876" ind1=" " ind2=" ">
    <subfield code="0">22252312140006421</subfield>
    <subfield code="a">23252311740006421</subfield>
    <subfield code="j">1</subfield>
    <subfield code="3">Dec 1978-Nov 1979</subfield>
    <subfield code="d">2020-12-03 01:15:04</subfield>
    <subfield code="p">32101070319916</subfield>
    <subfield code="t">1</subfield>
  </datafield>
  <datafield tag="876" ind1=" " ind2=" ">
    <subfield code="0">22252328960006421</subfield>
    <subfield code="a">23252328940006421</subfield>
    <subfield code="j">1</subfield>
    <subfield code="3">no. 3645-3661</subfield>
    <subfield code="d">2020-12-03 01:15:04</subfield>
    <subfield code="4">Jan.-Apr. 1972</subfield>
    <subfield code="p">32101086938303</subfield>
    <subfield code="t">1</subfield>
  </datafield>
  <datafield tag="876" ind1=" " ind2=" ">
    <subfield code="0">22252328960006421</subfield>
    <subfield code="a">23252328950006421</subfield>
    <subfield code="j">1</subfield>
    <subfield code="3">no. 3540-3591</subfield>
    <subfield code="d">2020-12-03 01:15:04</subfield>
    <subfield code="4">1970</subfield>
    <subfield code="p">32101086938352</subfield>
    <subfield code="t">1</subfield>
  </datafield>
  <datafield tag="876" ind1=" " ind2=" ">
    <subfield code="0">22252311230006421</subfield>
    <subfield code="a">23252310740006421</subfield>
    <subfield code="j">1</subfield>
    <subfield code="3">5999</subfield>
    <subfield code="d">2020-12-03 01:15:04</subfield>
    <subfield code="4">2018</subfield>
    <subfield code="p">ISSitm338-283.9510-princetondb</subfield>
  </datafield>
  <datafield tag="876" ind1=" " ind2=" ">
    <subfield code="0">22252311230006421</subfield>
    <subfield code="a">23252310760006421</subfield>
    <subfield code="j">1</subfield>
    <subfield code="3">6119</subfield>
    <subfield code="d">2020-12-03 01:15:04</subfield>
    <subfield code="p">ISSitm338-283.10710-princetondb</subfield>
  </datafield>
  <datafield tag="876" ind1=" " ind2=" ">
    <subfield code="0">22252311230006421</subfield>
    <subfield code="a">23252310770006421</subfield>
    <subfield code="j">1</subfield>
    <subfield code="3">6108</subfield>
    <subfield code="d">2020-12-03 01:15:04</subfield>
    <subfield code="p">ISSitm338-283.10600-princetondb</subfield>
  </datafield>
  <datafield tag="876" ind1=" " ind2=" ">
    <subfield code="0">22252329550006421</subfield>
    <subfield code="a">23252329100006421</subfield>
    <subfield code="j">1</subfield>
    <subfield code="3">6071</subfield>
    <subfield code="d">2020-12-03 01:15:04</subfield>
    <subfield code="4">2019</subfield>
    <subfield code="p">ISSitm339-284.9970-princetondb</subfield>
  </datafield>
  <datafield tag="876" ind1=" " ind2=" ">
    <subfield code="0">22252311230006421</subfield>
    <subfield code="a">23252310710006421</subfield>
    <subfield code="j">1</subfield>
    <subfield code="3">6018</subfield>
    <subfield code="d">2020-12-03 01:15:04</subfield>
    <subfield code="4">2018</subfield>
    <subfield code="p">ISSitm338-283.9700-princetondb</subfield>
  </datafield>
  <datafield tag="876" ind1=" " ind2=" ">
    <subfield code="0">22252328960006421</subfield>
    <subfield code="a">23252328920006421</subfield>
    <subfield code="j">1</subfield>
    <subfield code="3">no. 3488-3539</subfield>
    <subfield code="d">2020-12-03 01:15:04</subfield>
    <subfield code="4">1969</subfield>
    <subfield code="p">32101086938345</subfield>
    <subfield code="t">1</subfield>
  </datafield>
  <datafield tag="876" ind1=" " ind2=" ">
    <subfield code="0">22252312140006421</subfield>
    <subfield code="a">23252311310006421</subfield>
    <subfield code="j">1</subfield>
    <subfield code="3">Jul-Dec 2004</subfield>
    <subfield code="d">2020-12-03 01:15:04</subfield>
    <subfield code="p">32101070320427</subfield>
    <subfield code="t">1</subfield>
  </datafield>
  <datafield tag="876" ind1=" " ind2=" ">
    <subfield code="0">22252311230006421</subfield>
    <subfield code="a">23252310790006421</subfield>
    <subfield code="j">1</subfield>
    <subfield code="3">6106</subfield>
    <subfield code="d">2020-12-03 01:15:04</subfield>
    <subfield code="p">ISSitm338-283.10580-princetondb</subfield>
  </datafield>
  <datafield tag="876" ind1=" " ind2=" ">
    <subfield code="0">22252329550006421</subfield>
    <subfield code="a">23252329540006421</subfield>
    <subfield code="j">1</subfield>
    <subfield code="3">6126</subfield>
    <subfield code="d">2020-12-03 01:15:04</subfield>
    <subfield code="4">2020</subfield>
    <subfield code="p">ISSitm339-284.10520-princetondb</subfield>
  </datafield>
  <datafield tag="876" ind1=" " ind2=" ">
    <subfield code="0">22252329550006421</subfield>
    <subfield code="a">23252329510006421</subfield>
    <subfield code="j">1</subfield>
    <subfield code="3">6074</subfield>
    <subfield code="d">2020-12-03 01:15:04</subfield>
    <subfield code="4">2019</subfield>
    <subfield code="p">ISSitm339-284.10000-princetondb</subfield>
  </datafield>
  <datafield tag="876" ind1=" " ind2=" ">
    <subfield code="0">22252329550006421</subfield>
    <subfield code="a">23252329520006421</subfield>
    <subfield code="j">1</subfield>
    <subfield code="3">6068</subfield>
    <subfield code="d">2020-12-03 01:15:04</subfield>
    <subfield code="4">2019</subfield>
    <subfield code="p">ISSitm339-284.9940-princetondb</subfield>
  </datafield>
  <datafield tag="876" ind1=" " ind2=" ">
    <subfield code="0">22252311230006421</subfield>
    <subfield code="a">23252329820006421</subfield>
    <subfield code="j">1</subfield>
    <subfield code="3">5963</subfield>
    <subfield code="d">2020-12-03 01:15:04</subfield>
    <subfield code="4">2017</subfield>
    <subfield code="p">ISSitm338-283.9150-princetondb</subfield>
  </datafield>
  <datafield tag="876" ind1=" " ind2=" ">
    <subfield code="0">22252312140006421</subfield>
    <subfield code="a">23252311280006421</subfield>
    <subfield code="j">1</subfield>
    <subfield code="3">Jul-Dec 2005</subfield>
    <subfield code="d">2020-12-03 01:15:04</subfield>
    <subfield code="p">32101070320443</subfield>
    <subfield code="t">1</subfield>
  </datafield>
  <datafield tag="876" ind1=" " ind2=" ">
    <subfield code="0">22252329550006421</subfield>
    <subfield code="a">23252329490006421</subfield>
    <subfield code="j">1</subfield>
    <subfield code="3">6078</subfield>
    <subfield code="d">2020-12-03 01:15:04</subfield>
    <subfield code="4">2019</subfield>
    <subfield code="p">ISSitm339-284.10040-princetondb</subfield>
  </datafield>
  <datafield tag="876" ind1=" " ind2=" ">
    <subfield code="0">22252312140006421</subfield>
    <subfield code="a">23252311330006421</subfield>
    <subfield code="j">1</subfield>
    <subfield code="3">Jul-Dec 2003</subfield>
    <subfield code="d">2020-12-03 01:15:04</subfield>
    <subfield code="p">32101070320401</subfield>
    <subfield code="t">1</subfield>
  </datafield>
  <datafield tag="876" ind1=" " ind2=" ">
    <subfield code="0">22252312140006421</subfield>
    <subfield code="a">23252311390006421</subfield>
    <subfield code="j">1</subfield>
    <subfield code="3">Jul-Dec 2000</subfield>
    <subfield code="d">2020-12-03 01:15:04</subfield>
    <subfield code="p">32101070320344</subfield>
    <subfield code="t">1</subfield>
  </datafield>
  <datafield tag="876" ind1=" " ind2=" ">
    <subfield code="0">22252311230006421</subfield>
    <subfield code="a">23252329950006421</subfield>
    <subfield code="j">1</subfield>
    <subfield code="3">6079</subfield>
    <subfield code="d">2020-12-03 01:15:04</subfield>
    <subfield code="4">2019</subfield>
    <subfield code="p">ISSitm338-283.10310-princetondb</subfield>
  </datafield>
  <datafield tag="876" ind1=" " ind2=" ">
    <subfield code="0">22252311230006421</subfield>
    <subfield code="a">23252329840006421</subfield>
    <subfield code="j">1</subfield>
    <subfield code="3">6123</subfield>
    <subfield code="d">2020-12-03 01:15:04</subfield>
    <subfield code="p">ISSitm338-283.10750-princetondb</subfield>
  </datafield>
  <datafield tag="876" ind1=" " ind2=" ">
    <subfield code="0">22252311230006421</subfield>
    <subfield code="a">23252310020006421</subfield>
    <subfield code="j">1</subfield>
    <subfield code="3">5975</subfield>
    <subfield code="d">2020-12-03 01:15:04</subfield>
    <subfield code="4">2017</subfield>
    <subfield code="p">ISSitm338-283.9270-princetondb</subfield>
  </datafield>
  <datafield tag="876" ind1=" " ind2=" ">
    <subfield code="0">22252312140006421</subfield>
    <subfield code="a">23252311770006421</subfield>
    <subfield code="j">1</subfield>
    <subfield code="3">Jul-Dec 1984</subfield>
    <subfield code="d">2020-12-03 01:15:04</subfield>
    <subfield code="p">32101070320021</subfield>
    <subfield code="t">1</subfield>
  </datafield>
  <datafield tag="876" ind1=" " ind2=" ">
    <subfield code="0">22252329550006421</subfield>
    <subfield code="a">23252329160006421</subfield>
    <subfield code="j">1</subfield>
    <subfield code="3">6082</subfield>
    <subfield code="d">2020-12-03 01:15:04</subfield>
    <subfield code="4">2019</subfield>
    <subfield code="p">ISSitm339-284.10080-princetondb</subfield>
  </datafield>
  <datafield tag="876" ind1=" " ind2=" ">
    <subfield code="0">22252311230006421</subfield>
    <subfield code="a">23252310080006421</subfield>
    <subfield code="j">1</subfield>
    <subfield code="3">6100</subfield>
    <subfield code="d">2020-12-03 01:15:04</subfield>
    <subfield code="4">2020</subfield>
    <subfield code="p">ISSitm338-283.10520-princetondb</subfield>
  </datafield>
  <datafield tag="876" ind1=" " ind2=" ">
    <subfield code="0">22252311230006421</subfield>
    <subfield code="a">23252310330006421</subfield>
    <subfield code="j">1</subfield>
    <subfield code="3">6028</subfield>
    <subfield code="d">2020-12-03 01:15:04</subfield>
    <subfield code="4">2018</subfield>
    <subfield code="p">ISSitm338-283.9800-princetondb</subfield>
  </datafield>
  <datafield tag="876" ind1=" " ind2=" ">
    <subfield code="0">22252328790006421</subfield>
    <subfield code="a">23252328620006421</subfield>
    <subfield code="j">1</subfield>
    <subfield code="3">July 1/Dec. 30, 2016</subfield>
    <subfield code="d">2020-12-03 01:15:04</subfield>
    <subfield code="p">32101101313565</subfield>
    <subfield code="t">1</subfield>
  </datafield>
  <datafield tag="876" ind1=" " ind2=" ">
    <subfield code="0">22252328790006421</subfield>
    <subfield code="a">23252328640006421</subfield>
    <subfield code="j">1</subfield>
    <subfield code="3">July 3/Dec 25, 2015</subfield>
    <subfield code="d">2020-12-03 01:15:04</subfield>
    <subfield code="p">32101098462011</subfield>
    <subfield code="t">1</subfield>
  </datafield>
  <datafield tag="876" ind1=" " ind2=" ">
    <subfield code="0">22252329550006421</subfield>
    <subfield code="a">23252329070006421</subfield>
    <subfield code="j">1</subfield>
    <subfield code="3">6077</subfield>
    <subfield code="d">2020-12-03 01:15:04</subfield>
    <subfield code="4">2019</subfield>
    <subfield code="p">ISSitm339-284.10030-princetondb</subfield>
  </datafield>
  <datafield tag="876" ind1=" " ind2=" ">
    <subfield code="0">22252311230006421</subfield>
    <subfield code="a">23252310440006421</subfield>
    <subfield code="j">1</subfield>
    <subfield code="3">6111</subfield>
    <subfield code="d">2020-12-03 01:15:04</subfield>
    <subfield code="p">ISSitm338-283.10630-princetondb</subfield>
  </datafield>
  <datafield tag="876" ind1=" " ind2=" ">
    <subfield code="0">22252329550006421</subfield>
    <subfield code="a">23252329180006421</subfield>
    <subfield code="j">1</subfield>
    <subfield code="3">6113</subfield>
    <subfield code="d">2020-12-03 01:15:04</subfield>
    <subfield code="4">2020</subfield>
    <subfield code="p">ISSitm339-284.10390-princetondb</subfield>
  </datafield>
  <datafield tag="876" ind1=" " ind2=" ">
    <subfield code="0">22252312140006421</subfield>
    <subfield code="a">23252311640006421</subfield>
    <subfield code="j">1</subfield>
    <subfield code="3">Jan-Jun 1988</subfield>
    <subfield code="d">2020-12-03 01:15:04</subfield>
    <subfield code="p">32101070320096</subfield>
    <subfield code="t">1</subfield>
  </datafield>
  <datafield tag="876" ind1=" " ind2=" ">
    <subfield code="0">22252312140006421</subfield>
    <subfield code="a">23252311660006421</subfield>
    <subfield code="j">1</subfield>
    <subfield code="3">Jan-Jun 1987</subfield>
    <subfield code="d">2020-12-03 01:15:04</subfield>
    <subfield code="p">32101070320070</subfield>
    <subfield code="t">1</subfield>
  </datafield>
  <datafield tag="876" ind1=" " ind2=" ">
    <subfield code="0">22252329550006421</subfield>
    <subfield code="a">23252329050006421</subfield>
    <subfield code="j">1</subfield>
    <subfield code="3">6093</subfield>
    <subfield code="d">2020-12-03 01:15:04</subfield>
    <subfield code="4">2020</subfield>
    <subfield code="p">ISSitm339-284.10190-princetondb</subfield>
  </datafield>
  <datafield tag="876" ind1=" " ind2=" ">
    <subfield code="0">22252311230006421</subfield>
    <subfield code="a">23252310350006421</subfield>
    <subfield code="j">1</subfield>
    <subfield code="3">6029</subfield>
    <subfield code="d">2020-12-03 01:15:04</subfield>
    <subfield code="4">2018</subfield>
    <subfield code="p">ISSitm338-283.9810-princetondb</subfield>
  </datafield>
  <datafield tag="876" ind1=" " ind2=" ">
    <subfield code="0">22252311230006421</subfield>
    <subfield code="a">23252310820006421</subfield>
    <subfield code="j">1</subfield>
    <subfield code="3">6078</subfield>
    <subfield code="d">2020-12-03 01:15:04</subfield>
    <subfield code="4">2019</subfield>
    <subfield code="p">ISSitm338-283.10300-princetondb</subfield>
  </datafield>
  <datafield tag="876" ind1=" " ind2=" ">
    <subfield code="0">22252328960006421</subfield>
    <subfield code="a">23252328890006421</subfield>
    <subfield code="j">1</subfield>
    <subfield code="3">no. 3627-3644</subfield>
    <subfield code="d">2020-12-03 01:15:04</subfield>
    <subfield code="4">Sept.-Dec. 1971</subfield>
    <subfield code="p">32101086938311</subfield>
    <subfield code="t">1</subfield>
  </datafield>
  <datafield tag="876" ind1=" " ind2=" ">
    <subfield code="0">22252328960006421</subfield>
    <subfield code="a">23252328860006421</subfield>
    <subfield code="j">1</subfield>
    <subfield code="3">no. 3713-3730</subfield>
    <subfield code="d">2020-12-03 01:15:04</subfield>
    <subfield code="4">May-Aug. 1973</subfield>
    <subfield code="p">32101086938261</subfield>
    <subfield code="t">1</subfield>
  </datafield>
  <datafield tag="876" ind1=" " ind2=" ">
    <subfield code="0">22252311230006421</subfield>
    <subfield code="a">23252310460006421</subfield>
    <subfield code="j">1</subfield>
    <subfield code="3">6103</subfield>
    <subfield code="d">2020-12-03 01:15:04</subfield>
    <subfield code="p">ISSitm338-283.10550-princetondb</subfield>
  </datafield>
  <datafield tag="876" ind1=" " ind2=" ">
    <subfield code="0">22252311230006421</subfield>
    <subfield code="a">23252310490006421</subfield>
    <subfield code="j">1</subfield>
    <subfield code="3">6086</subfield>
    <subfield code="d">2020-12-03 01:15:04</subfield>
    <subfield code="4">2019</subfield>
    <subfield code="p">ISSitm338-283.10380-princetondb</subfield>
  </datafield>
  <datafield tag="876" ind1=" " ind2=" ">
    <subfield code="0">22252312140006421</subfield>
    <subfield code="a">23252312120006421</subfield>
    <subfield code="j">1</subfield>
    <subfield code="3">5439-5465</subfield>
    <subfield code="d">2020-12-03 01:15:04</subfield>
    <subfield code="4">Jul-Dec 2007</subfield>
    <subfield code="p">32101053129860</subfield>
    <subfield code="t">1</subfield>
  </datafield>
  <datafield tag="876" ind1=" " ind2=" ">
    <subfield code="0">22252311230006421</subfield>
    <subfield code="a">23252310630006421</subfield>
    <subfield code="j">1</subfield>
    <subfield code="3">6118</subfield>
    <subfield code="d">2020-12-03 01:15:04</subfield>
    <subfield code="p">ISSitm338-283.10700-princetondb</subfield>
  </datafield>
  <datafield tag="876" ind1=" " ind2=" ">
    <subfield code="0">22252329550006421</subfield>
    <subfield code="a">23252329210006421</subfield>
    <subfield code="j">1</subfield>
    <subfield code="3">6115</subfield>
    <subfield code="d">2020-12-03 01:15:04</subfield>
    <subfield code="4">2020</subfield>
    <subfield code="p">ISSitm339-284.10410-princetondb</subfield>
  </datafield>
  <datafield tag="876" ind1=" " ind2=" ">
    <subfield code="0">22252312140006421</subfield>
    <subfield code="a">23252311990006421</subfield>
    <subfield code="j">1</subfield>
    <subfield code="3">Jul-Dec 1972</subfield>
    <subfield code="d">2020-12-03 01:15:04</subfield>
    <subfield code="p">32101070319304</subfield>
    <subfield code="t">1</subfield>
  </datafield>
  <datafield tag="876" ind1=" " ind2=" ">
    <subfield code="0">22252311230006421</subfield>
    <subfield code="a">23252310680006421</subfield>
    <subfield code="j">1</subfield>
    <subfield code="3">6045</subfield>
    <subfield code="d">2020-12-03 01:15:04</subfield>
    <subfield code="4">2019</subfield>
    <subfield code="p">ISSitm338-283.9970-princetondb</subfield>
  </datafield>
  <datafield tag="876" ind1=" " ind2=" ">
    <subfield code="0">22252311230006421</subfield>
    <subfield code="a">23252310600006421</subfield>
    <subfield code="j">1</subfield>
    <subfield code="3">5997</subfield>
    <subfield code="d">2020-12-03 01:15:04</subfield>
    <subfield code="4">2018</subfield>
    <subfield code="p">ISSitm338-283.9490-princetondb</subfield>
  </datafield>
  <datafield tag="876" ind1=" " ind2=" ">
    <subfield code="0">22252311230006421</subfield>
    <subfield code="a">23252311200006421</subfield>
    <subfield code="j">1</subfield>
    <subfield code="3">5966</subfield>
    <subfield code="d">2020-12-03 01:15:04</subfield>
    <subfield code="4">2017</subfield>
    <subfield code="p">ISSitm338-283.9180-princetondb</subfield>
  </datafield>
  <datafield tag="876" ind1=" " ind2=" ">
    <subfield code="0">22252329550006421</subfield>
    <subfield code="a">23252329430006421</subfield>
    <subfield code="j">1</subfield>
    <subfield code="3">6102</subfield>
    <subfield code="d">2020-12-03 01:15:04</subfield>
    <subfield code="4">2020</subfield>
    <subfield code="p">ISSitm339-284.10280-princetondb</subfield>
  </datafield>
  <datafield tag="876" ind1=" " ind2=" ">
    <subfield code="0">22252311230006421</subfield>
    <subfield code="a">23252311060006421</subfield>
    <subfield code="j">1</subfield>
    <subfield code="3">6043</subfield>
    <subfield code="d">2020-12-03 01:15:04</subfield>
    <subfield code="4">2019</subfield>
    <subfield code="p">ISSitm338-283.9950-princetondb</subfield>
  </datafield>
  <datafield tag="876" ind1=" " ind2=" ">
    <subfield code="0">22252311230006421</subfield>
    <subfield code="a">23252329790006421</subfield>
    <subfield code="j">1</subfield>
    <subfield code="3">5973</subfield>
    <subfield code="d">2020-12-03 01:15:04</subfield>
    <subfield code="4">2017</subfield>
    <subfield code="p">ISSitm338-283.9250-princetondb</subfield>
  </datafield>
  <datafield tag="876" ind1=" " ind2=" ">
    <subfield code="0">22252312140006421</subfield>
    <subfield code="a">23252311250006421</subfield>
    <subfield code="j">1</subfield>
    <subfield code="3">Jan. 1-June 25, 2010</subfield>
    <subfield code="d">2020-12-03 01:15:04</subfield>
    <subfield code="p">32101053603146</subfield>
    <subfield code="t">1</subfield>
  </datafield>
  <datafield tag="876" ind1=" " ind2=" ">
    <subfield code="0">22252311230006421</subfield>
    <subfield code="a">23252329600006421</subfield>
    <subfield code="j">1</subfield>
    <subfield code="3">6092</subfield>
    <subfield code="d">2020-12-03 01:15:04</subfield>
    <subfield code="4">2020</subfield>
    <subfield code="p">ISSitm338-283.10440-princetondb</subfield>
  </datafield>
  <datafield tag="876" ind1=" " ind2=" ">
    <subfield code="0">22252311230006421</subfield>
    <subfield code="a">23252329570006421</subfield>
    <subfield code="j">1</subfield>
    <subfield code="3">6109</subfield>
    <subfield code="d">2020-12-03 01:15:04</subfield>
    <subfield code="p">ISSitm338-283.10610-princetondb</subfield>
  </datafield>
  <datafield tag="876" ind1=" " ind2=" ">
    <subfield code="0">22252312140006421</subfield>
    <subfield code="a">23252311360006421</subfield>
    <subfield code="j">1</subfield>
    <subfield code="3">Jan-Jun 2002</subfield>
    <subfield code="d">2020-12-03 01:15:04</subfield>
    <subfield code="p">32101070320377</subfield>
    <subfield code="t">1</subfield>
  </datafield>
  <datafield tag="876" ind1=" " ind2=" ">
    <subfield code="0">22252312140006421</subfield>
    <subfield code="a">23252311610006421</subfield>
    <subfield code="j">1</subfield>
    <subfield code="3">Jul-Dec 1989</subfield>
    <subfield code="d">2020-12-03 01:15:04</subfield>
    <subfield code="p">32101070320120</subfield>
    <subfield code="t">1</subfield>
  </datafield>
  <datafield tag="876" ind1=" " ind2=" ">
    <subfield code="0">22252311230006421</subfield>
    <subfield code="a">23252329900006421</subfield>
    <subfield code="j">1</subfield>
    <subfield code="3">6115</subfield>
    <subfield code="d">2020-12-03 01:15:04</subfield>
    <subfield code="p">ISSitm338-283.10670-princetondb</subfield>
  </datafield>
  <datafield tag="876" ind1=" " ind2=" ">
    <subfield code="0">22252311230006421</subfield>
    <subfield code="a">23252329650006421</subfield>
    <subfield code="j">1</subfield>
    <subfield code="3">6068</subfield>
    <subfield code="d">2020-12-03 01:15:04</subfield>
    <subfield code="4">2019</subfield>
    <subfield code="p">ISSitm338-283.10200-princetondb</subfield>
  </datafield>
  <datafield tag="876" ind1=" " ind2=" ">
    <subfield code="0">22252329550006421</subfield>
    <subfield code="a">23252329460006421</subfield>
    <subfield code="j">1</subfield>
    <subfield code="3">6085</subfield>
    <subfield code="d">2020-12-03 01:15:04</subfield>
    <subfield code="4">2019</subfield>
    <subfield code="p">ISSitm339-284.10110-princetondb</subfield>
  </datafield>
  <datafield tag="876" ind1=" " ind2=" ">
    <subfield code="0">22252311230006421</subfield>
    <subfield code="a">23252310050006421</subfield>
    <subfield code="j">1</subfield>
    <subfield code="3">5970</subfield>
    <subfield code="d">2020-12-03 01:15:04</subfield>
    <subfield code="4">2017</subfield>
    <subfield code="p">ISSitm338-283.9220-princetondb</subfield>
  </datafield>
  <datafield tag="876" ind1=" " ind2=" ">
    <subfield code="0">22252312140006421</subfield>
    <subfield code="a">23252311500006421</subfield>
    <subfield code="j">1</subfield>
    <subfield code="3">Jan-Jun 1995</subfield>
    <subfield code="d">2020-12-03 01:15:04</subfield>
    <subfield code="p">32101070320237</subfield>
    <subfield code="t">1</subfield>
  </datafield>
  <datafield tag="876" ind1=" " ind2=" ">
    <subfield code="0">22252329550006421</subfield>
    <subfield code="a">23252329350006421</subfield>
    <subfield code="j">1</subfield>
    <subfield code="3">6087</subfield>
    <subfield code="d">2020-12-03 01:15:04</subfield>
    <subfield code="4">2019</subfield>
    <subfield code="p">ISSitm339-284.10130-princetondb</subfield>
  </datafield>
  <datafield tag="876" ind1=" " ind2=" ">
    <subfield code="0">22252312140006421</subfield>
    <subfield code="a">23252311470006421</subfield>
    <subfield code="j">1</subfield>
    <subfield code="3">Jul-Dec 1996</subfield>
    <subfield code="d">2020-12-03 01:15:04</subfield>
    <subfield code="p">32101070320260</subfield>
    <subfield code="t">1</subfield>
  </datafield>
  <datafield tag="876" ind1=" " ind2=" ">
    <subfield code="0">22252312140006421</subfield>
    <subfield code="a">23252311940006421</subfield>
    <subfield code="j">1</subfield>
    <subfield code="3">Jul-Dec 1975</subfield>
    <subfield code="d">2020-12-03 01:15:04</subfield>
    <subfield code="p">32101070319361</subfield>
    <subfield code="t">1</subfield>
  </datafield>
  <datafield tag="876" ind1=" " ind2=" ">
    <subfield code="0">22252329550006421</subfield>
    <subfield code="a">23252329240006421</subfield>
    <subfield code="j">1</subfield>
    <subfield code="3">6083</subfield>
    <subfield code="d">2020-12-03 01:15:04</subfield>
    <subfield code="4">2019</subfield>
    <subfield code="p">ISSitm339-284.10090-princetondb</subfield>
  </datafield>
  <datafield tag="876" ind1=" " ind2=" ">
    <subfield code="0">22252311230006421</subfield>
    <subfield code="a">23252310520006421</subfield>
    <subfield code="j">1</subfield>
    <subfield code="3">6066</subfield>
    <subfield code="d">2020-12-03 01:15:04</subfield>
    <subfield code="4">2019</subfield>
    <subfield code="p">ISSitm338-283.10180-princetondb</subfield>
  </datafield>
  <datafield tag="876" ind1=" " ind2=" ">
    <subfield code="0">22252312140006421</subfield>
    <subfield code="a">23252311580006421</subfield>
    <subfield code="j">1</subfield>
    <subfield code="3">Jan-Jun 1991</subfield>
    <subfield code="d">2020-12-03 01:15:04</subfield>
    <subfield code="p">32101070320153</subfield>
    <subfield code="t">1</subfield>
  </datafield>
  <datafield tag="876" ind1=" " ind2=" ">
    <subfield code="0">22252328960006421</subfield>
    <subfield code="a">23252328810006421</subfield>
    <subfield code="j">1</subfield>
    <subfield code="3">no. 3954-3978 (inc.)</subfield>
    <subfield code="d">2020-12-03 01:15:04</subfield>
    <subfield code="4">Jan.-June 1978</subfield>
    <subfield code="p">32101086938212</subfield>
    <subfield code="t">1</subfield>
  </datafield>
  <datafield tag="876" ind1=" " ind2=" ">
    <subfield code="0">22252311230006421</subfield>
    <subfield code="a">23252310160006421</subfield>
    <subfield code="j">1</subfield>
    <subfield code="3">6002</subfield>
    <subfield code="d">2020-12-03 01:15:04</subfield>
    <subfield code="4">2018</subfield>
    <subfield code="p">ISSitm338-283.9540-princetondb</subfield>
  </datafield>
  <datafield tag="876" ind1=" " ind2=" ">
    <subfield code="0">22252311230006421</subfield>
    <subfield code="a">23252310410006421</subfield>
    <subfield code="j">1</subfield>
    <subfield code="3">5971</subfield>
    <subfield code="d">2020-12-03 01:15:04</subfield>
    <subfield code="4">2017</subfield>
    <subfield code="p">ISSitm338-283.9230-princetondb</subfield>
  </datafield>
  <datafield tag="876" ind1=" " ind2=" ">
    <subfield code="0">22252329550006421</subfield>
    <subfield code="a">23252329130006421</subfield>
    <subfield code="j">1</subfield>
    <subfield code="3">6111</subfield>
    <subfield code="d">2020-12-03 01:15:04</subfield>
    <subfield code="4">2020</subfield>
    <subfield code="p">ISSitm339-284.10370-princetondb</subfield>
  </datafield>
  <datafield tag="876" ind1=" " ind2=" ">
    <subfield code="0">22252311230006421</subfield>
    <subfield code="a">23252310300006421</subfield>
    <subfield code="j">1</subfield>
    <subfield code="3">6049</subfield>
    <subfield code="d">2020-12-03 01:15:04</subfield>
    <subfield code="4">2019</subfield>
    <subfield code="p">ISSitm338-283.10010-princetondb</subfield>
  </datafield>
  <datafield tag="876" ind1=" " ind2=" ">
    <subfield code="0">22252311230006421</subfield>
    <subfield code="a">23252310380006421</subfield>
    <subfield code="j">1</subfield>
    <subfield code="3">6005</subfield>
    <subfield code="d">2020-12-03 01:15:04</subfield>
    <subfield code="4">2018</subfield>
    <subfield code="p">ISSitm338-283.9570-princetondb</subfield>
  </datafield>
  <datafield tag="876" ind1=" " ind2=" ">
    <subfield code="0">22252312140006421</subfield>
    <subfield code="a">23252311830006421</subfield>
    <subfield code="j">1</subfield>
    <subfield code="3">Jul-Dec 1981</subfield>
    <subfield code="d">2020-12-03 01:15:04</subfield>
    <subfield code="p">32101070319965</subfield>
    <subfield code="t">1</subfield>
  </datafield>
  <datafield tag="876" ind1=" " ind2=" ">
    <subfield code="0">22252328790006421</subfield>
    <subfield code="a">23252328670006421</subfield>
    <subfield code="j">1</subfield>
    <subfield code="3">Jul 4/Dec 26 2014</subfield>
    <subfield code="d">2020-12-03 01:15:04</subfield>
    <subfield code="p">32101092267515</subfield>
    <subfield code="t">1</subfield>
  </datafield>
  <datafield tag="876" ind1=" " ind2=" ">
    <subfield code="0">22252311230006421</subfield>
    <subfield code="a">23252310270006421</subfield>
    <subfield code="j">1</subfield>
    <subfield code="3">6046</subfield>
    <subfield code="d">2020-12-03 01:15:04</subfield>
    <subfield code="4">2019</subfield>
    <subfield code="p">ISSitm338-283.9980-princetondb</subfield>
  </datafield>
  <datafield tag="876" ind1=" " ind2=" ">
    <subfield code="0">22252329550006421</subfield>
    <subfield code="a">23252329020006421</subfield>
    <subfield code="j">1</subfield>
    <subfield code="3">6081</subfield>
    <subfield code="d">2020-12-03 01:15:04</subfield>
    <subfield code="4">2019</subfield>
    <subfield code="p">ISSitm339-284.10070-princetondb</subfield>
  </datafield>
  <datafield tag="876" ind1=" " ind2=" ">
    <subfield code="0">22252312140006421</subfield>
    <subfield code="a">23252312040006421</subfield>
    <subfield code="j">1</subfield>
    <subfield code="3">Jul-Dec 1970</subfield>
    <subfield code="d">2020-12-03 01:15:04</subfield>
    <subfield code="p">32101070319262</subfield>
    <subfield code="t">1</subfield>
  </datafield>
  <datafield tag="876" ind1=" " ind2=" ">
    <subfield code="0">22252312140006421</subfield>
    <subfield code="a">23252311720006421</subfield>
    <subfield code="j">1</subfield>
    <subfield code="3">Jul-Dec 1985</subfield>
    <subfield code="d">2020-12-03 01:15:04</subfield>
    <subfield code="p">32101070320047</subfield>
    <subfield code="t">1</subfield>
  </datafield>
  <datafield tag="876" ind1=" " ind2=" ">
    <subfield code="0">22252328790006421</subfield>
    <subfield code="a">23252328700006421</subfield>
    <subfield code="j">1</subfield>
    <subfield code="3">Jan.-June,  2019</subfield>
    <subfield code="d">2020-12-03 01:15:04</subfield>
    <subfield code="p">32101107774372</subfield>
    <subfield code="t">1</subfield>
  </datafield>
  <datafield tag="876" ind1=" " ind2=" ">
    <subfield code="0">22252311230006421</subfield>
    <subfield code="a">23252310920006421</subfield>
    <subfield code="j">1</subfield>
    <subfield code="3">5998</subfield>
    <subfield code="d">2020-12-03 01:15:04</subfield>
    <subfield code="4">2018</subfield>
    <subfield code="p">ISSitm338-283.9500-princetondb</subfield>
  </datafield>
  <datafield tag="876" ind1=" " ind2=" ">
    <subfield code="0">22252311230006421</subfield>
    <subfield code="a">23252310570006421</subfield>
    <subfield code="j">1</subfield>
    <subfield code="3">6010</subfield>
    <subfield code="d">2020-12-03 01:15:04</subfield>
    <subfield code="4">2018</subfield>
    <subfield code="p">ISSitm338-283.9620-princetondb</subfield>
  </datafield>
  <datafield tag="876" ind1=" " ind2=" ">
    <subfield code="0">22252312140006421</subfield>
    <subfield code="a">23252312050006421</subfield>
    <subfield code="j">1</subfield>
    <subfield code="3">Jan-Jun 1970</subfield>
    <subfield code="d">2020-12-03 01:15:04</subfield>
    <subfield code="p">32101070319254</subfield>
    <subfield code="t">1</subfield>
  </datafield>
  <datafield tag="876" ind1=" " ind2=" ">
    <subfield code="0">22252312140006421</subfield>
    <subfield code="a">23252312070006421</subfield>
    <subfield code="j">1</subfield>
    <subfield code="3">Jan-Jun 1973</subfield>
    <subfield code="d">2020-12-03 01:15:04</subfield>
    <subfield code="p">32101070319312</subfield>
    <subfield code="t">1</subfield>
  </datafield>
  <datafield tag="876" ind1=" " ind2=" ">
    <subfield code="0">22252311230006421</subfield>
    <subfield code="a">23252310530006421</subfield>
    <subfield code="j">1</subfield>
    <subfield code="3">6052</subfield>
    <subfield code="d">2020-12-03 01:15:04</subfield>
    <subfield code="4">2019</subfield>
    <subfield code="p">ISSitm338-283.10040-princetondb</subfield>
  </datafield>
  <datafield tag="876" ind1=" " ind2=" ">
    <subfield code="0">22252311230006421</subfield>
    <subfield code="a">23252310550006421</subfield>
    <subfield code="j">1</subfield>
    <subfield code="3">6025</subfield>
    <subfield code="d">2020-12-03 01:15:04</subfield>
    <subfield code="4">2018</subfield>
    <subfield code="p">ISSitm338-283.9770-princetondb</subfield>
  </datafield>
  <datafield tag="876" ind1=" " ind2=" ">
    <subfield code="0">22252329550006421</subfield>
    <subfield code="a">23252329310006421</subfield>
    <subfield code="j">1</subfield>
    <subfield code="3">6118</subfield>
    <subfield code="d">2020-12-03 01:15:04</subfield>
    <subfield code="4">2020</subfield>
    <subfield code="p">ISSitm339-284.10440-princetondb</subfield>
  </datafield>
  <datafield tag="876" ind1=" " ind2=" ">
    <subfield code="0">22252311230006421</subfield>
    <subfield code="a">23252310590006421</subfield>
    <subfield code="j">1</subfield>
    <subfield code="3">6003</subfield>
    <subfield code="d">2020-12-03 01:15:04</subfield>
    <subfield code="4">2018</subfield>
    <subfield code="p">ISSitm338-283.9550-princetondb</subfield>
  </datafield>
  <datafield tag="876" ind1=" " ind2=" ">
    <subfield code="0">22252329550006421</subfield>
    <subfield code="a">23252329330006421</subfield>
    <subfield code="j">1</subfield>
    <subfield code="3">6094</subfield>
    <subfield code="d">2020-12-03 01:15:04</subfield>
    <subfield code="4">2020</subfield>
    <subfield code="p">ISSitm339-284.10200-princetondb</subfield>
  </datafield>
  <datafield tag="876" ind1=" " ind2=" ">
    <subfield code="0">22252311230006421</subfield>
    <subfield code="a">23252310980006421</subfield>
    <subfield code="j">1</subfield>
    <subfield code="3">6116</subfield>
    <subfield code="d">2020-12-03 01:15:04</subfield>
    <subfield code="p">ISSitm338-283.10680-princetondb</subfield>
  </datafield>
  <datafield tag="876" ind1=" " ind2=" ">
    <subfield code="0">22252311230006421</subfield>
    <subfield code="a">23252329690006421</subfield>
    <subfield code="j">1</subfield>
    <subfield code="3">6027</subfield>
    <subfield code="d">2020-12-03 01:15:04</subfield>
    <subfield code="4">2018</subfield>
    <subfield code="p">ISSitm338-283.9790-princetondb</subfield>
  </datafield>
  <datafield tag="876" ind1=" " ind2=" ">
    <subfield code="0">22252311230006421</subfield>
    <subfield code="a">23252310960006421</subfield>
    <subfield code="j">1</subfield>
    <subfield code="3">5989</subfield>
    <subfield code="d">2020-12-03 01:15:04</subfield>
    <subfield code="4">2018</subfield>
    <subfield code="p">ISSitm338-283.9410-princetondb</subfield>
  </datafield>
  <datafield tag="876" ind1=" " ind2=" ">
    <subfield code="0">22252311230006421</subfield>
    <subfield code="a">23252310940006421</subfield>
    <subfield code="j">1</subfield>
    <subfield code="3">6016</subfield>
    <subfield code="d">2020-12-03 01:15:04</subfield>
    <subfield code="4">2018</subfield>
    <subfield code="p">ISSitm338-283.9680-princetondb</subfield>
  </datafield>
  <datafield tag="876" ind1=" " ind2=" ">
    <subfield code="0">22252311230006421</subfield>
    <subfield code="a">23252311110006421</subfield>
    <subfield code="j">1</subfield>
    <subfield code="3">6034</subfield>
    <subfield code="d">2020-12-03 01:15:04</subfield>
    <subfield code="4">2018</subfield>
    <subfield code="p">ISSitm338-283.9860-princetondb</subfield>
  </datafield>
  <datafield tag="876" ind1=" " ind2=" ">
    <subfield code="0">22252311230006421</subfield>
    <subfield code="a">23252311130006421</subfield>
    <subfield code="j">1</subfield>
    <subfield code="3">6031</subfield>
    <subfield code="d">2020-12-03 01:15:04</subfield>
    <subfield code="4">2018</subfield>
    <subfield code="p">ISSitm338-283.9830-princetondb</subfield>
  </datafield>
  <datafield tag="876" ind1=" " ind2=" ">
    <subfield code="0">22252311230006421</subfield>
    <subfield code="a">23252311150006421</subfield>
    <subfield code="j">1</subfield>
    <subfield code="3">6013</subfield>
    <subfield code="d">2020-12-03 01:15:04</subfield>
    <subfield code="4">2018</subfield>
    <subfield code="p">ISSitm338-283.9650-princetondb</subfield>
  </datafield>
  <datafield tag="876" ind1=" " ind2=" ">
    <subfield code="0">22252311230006421</subfield>
    <subfield code="a">23252311170006421</subfield>
    <subfield code="j">1</subfield>
    <subfield code="3">5977</subfield>
    <subfield code="d">2020-12-03 01:15:04</subfield>
    <subfield code="4">2017</subfield>
    <subfield code="p">ISSitm338-283.9290-princetondb</subfield>
  </datafield>
  <datafield tag="876" ind1=" " ind2=" ">
    <subfield code="0">22252311230006421</subfield>
    <subfield code="a">23252311190006421</subfield>
    <subfield code="j">1</subfield>
    <subfield code="3">5981</subfield>
    <subfield code="d">2020-12-03 01:15:04</subfield>
    <subfield code="4">2017</subfield>
    <subfield code="p">ISSitm338-283.9330-princetondb</subfield>
  </datafield>
  <datafield tag="876" ind1=" " ind2=" ">
    <subfield code="0">22252312140006421</subfield>
    <subfield code="a">23252311800006421</subfield>
    <subfield code="j">1</subfield>
    <subfield code="3">Jan-Jun 1983</subfield>
    <subfield code="d">2020-12-03 01:15:04</subfield>
    <subfield code="p">32101070319999</subfield>
    <subfield code="t">1</subfield>
  </datafield>
  <datafield tag="876" ind1=" " ind2=" ">
    <subfield code="0">22252312140006421</subfield>
    <subfield code="a">23252311910006421</subfield>
    <subfield code="j">1</subfield>
    <subfield code="3">Jul-Dec 1978</subfield>
    <subfield code="d">2020-12-03 01:15:04</subfield>
    <subfield code="p">32101070319908</subfield>
    <subfield code="t">1</subfield>
  </datafield>
  <datafield tag="876" ind1=" " ind2=" ">
    <subfield code="0">22252312140006421</subfield>
    <subfield code="a">23252311860006421</subfield>
    <subfield code="j">1</subfield>
    <subfield code="3">Jan-Jun 1980</subfield>
    <subfield code="d">2020-12-03 01:15:04</subfield>
    <subfield code="p">32101070319932</subfield>
    <subfield code="t">1</subfield>
  </datafield>
  <datafield tag="876" ind1=" " ind2=" ">
    <subfield code="0">22252328960006421</subfield>
    <subfield code="a">23252328800006421</subfield>
    <subfield code="j">1</subfield>
    <subfield code="3">no. 3979-4000 (inc.)</subfield>
    <subfield code="d">2020-12-03 01:15:04</subfield>
    <subfield code="4">July-Dec. 1978</subfield>
    <subfield code="p">32101086938204</subfield>
    <subfield code="t">1</subfield>
  </datafield>
  <datafield tag="876" ind1=" " ind2=" ">
    <subfield code="0">22252312140006421</subfield>
    <subfield code="a">23252311930006421</subfield>
    <subfield code="j">1</subfield>
    <subfield code="3">Jan-Jun 1976</subfield>
    <subfield code="d">2020-12-03 01:15:04</subfield>
    <subfield code="p">32101070319379</subfield>
    <subfield code="t">1</subfield>
  </datafield>
  <datafield tag="876" ind1=" " ind2=" ">
    <subfield code="0">22252312140006421</subfield>
    <subfield code="a">23252311950006421</subfield>
    <subfield code="j">1</subfield>
    <subfield code="3">Jan-Jun 1975</subfield>
    <subfield code="d">2020-12-03 01:15:04</subfield>
    <subfield code="p">32101070319353</subfield>
    <subfield code="t">1</subfield>
  </datafield>
  <datafield tag="876" ind1=" " ind2=" ">
    <subfield code="0">22252311230006421</subfield>
    <subfield code="a">23252310510006421</subfield>
    <subfield code="j">1</subfield>
    <subfield code="3">6055</subfield>
    <subfield code="d">2020-12-03 01:15:04</subfield>
    <subfield code="4">2019</subfield>
    <subfield code="p">ISSitm338-283.10070-princetondb</subfield>
  </datafield>
  <datafield tag="876" ind1=" " ind2=" ">
    <subfield code="0">22252312140006421</subfield>
    <subfield code="a">23252311840006421</subfield>
    <subfield code="j">1</subfield>
    <subfield code="3">Jan-Jun 1981</subfield>
    <subfield code="d">2020-12-03 01:15:04</subfield>
    <subfield code="p">32101070319957</subfield>
    <subfield code="t">1</subfield>
  </datafield>
  <datafield tag="876" ind1=" " ind2=" ">
    <subfield code="0">22252312140006421</subfield>
    <subfield code="a">23252311880006421</subfield>
    <subfield code="j">1</subfield>
    <subfield code="3">Jan-Jun 1978</subfield>
    <subfield code="d">2020-12-03 01:15:04</subfield>
    <subfield code="p">32101070319890</subfield>
    <subfield code="t">1</subfield>
  </datafield>
  <datafield tag="876" ind1=" " ind2=" ">
    <subfield code="0">22252328960006421</subfield>
    <subfield code="a">23252328820006421</subfield>
    <subfield code="j">1</subfield>
    <subfield code="3">no. 3800-3816</subfield>
    <subfield code="d">2020-12-03 01:15:04</subfield>
    <subfield code="4">Jan.-Apr. 1975</subfield>
    <subfield code="p">32101086938220</subfield>
    <subfield code="t">1</subfield>
  </datafield>
  <datafield tag="876" ind1=" " ind2=" ">
    <subfield code="0">22252312140006421</subfield>
    <subfield code="a">23252312100006421</subfield>
    <subfield code="j">1</subfield>
    <subfield code="3">July-Dec. 2008</subfield>
    <subfield code="d">2020-12-03 01:15:04</subfield>
    <subfield code="p">32101052621180</subfield>
    <subfield code="t">1</subfield>
  </datafield>
  <datafield tag="876" ind1=" " ind2=" ">
    <subfield code="0">22252312140006421</subfield>
    <subfield code="a">23252311820006421</subfield>
    <subfield code="j">1</subfield>
    <subfield code="3">Jan-Jun 1982</subfield>
    <subfield code="d">2020-12-03 01:15:04</subfield>
    <subfield code="p">32101070319973</subfield>
    <subfield code="t">1</subfield>
  </datafield>
  <datafield tag="876" ind1=" " ind2=" ">
    <subfield code="0">22252328790006421</subfield>
    <subfield code="a">23252328750006421</subfield>
    <subfield code="j">1</subfield>
    <subfield code="3">Jan 4-Jun 28, 2013</subfield>
    <subfield code="d">2020-12-03 01:15:04</subfield>
    <subfield code="p">32101091999969</subfield>
    <subfield code="t">1</subfield>
  </datafield>
  <datafield tag="876" ind1=" " ind2=" ">
    <subfield code="0">22252312140006421</subfield>
    <subfield code="a">23252312030006421</subfield>
    <subfield code="j">1</subfield>
    <subfield code="3">Jan-Jun 1971</subfield>
    <subfield code="d">2020-12-03 01:15:04</subfield>
    <subfield code="p">32101070319270</subfield>
    <subfield code="t">1</subfield>
  </datafield>
  <datafield tag="876" ind1=" " ind2=" ">
    <subfield code="0">22252328960006421</subfield>
    <subfield code="a">23252328840006421</subfield>
    <subfield code="j">1</subfield>
    <subfield code="3">no. 3748-3764</subfield>
    <subfield code="d">2020-12-03 01:15:04</subfield>
    <subfield code="4">Jan.-Apr. 1974</subfield>
    <subfield code="p">32101086938246</subfield>
    <subfield code="t">1</subfield>
  </datafield>
  <datafield tag="876" ind1=" " ind2=" ">
    <subfield code="0">22252312140006421</subfield>
    <subfield code="a">23252312090006421</subfield>
    <subfield code="j">1</subfield>
    <subfield code="3">Jan-Jun 1969</subfield>
    <subfield code="d">2020-12-03 01:15:04</subfield>
    <subfield code="p">32101070319239</subfield>
    <subfield code="t">1</subfield>
  </datafield>
  <datafield tag="876" ind1=" " ind2=" ">
    <subfield code="0">22252328790006421</subfield>
    <subfield code="a">23252328770006421</subfield>
    <subfield code="j">1</subfield>
    <subfield code="3">Jan. 7-June 24, 2011</subfield>
    <subfield code="d">2020-12-03 01:15:04</subfield>
    <subfield code="p">32101070741986</subfield>
    <subfield code="t">1</subfield>
  </datafield>
  <datafield tag="876" ind1=" " ind2=" ">
    <subfield code="0">22252312140006421</subfield>
    <subfield code="a">23252312010006421</subfield>
    <subfield code="j">1</subfield>
    <subfield code="3">July-Dec. 2009</subfield>
    <subfield code="d">2020-12-03 01:15:04</subfield>
    <subfield code="p">32101052674718</subfield>
    <subfield code="t">1</subfield>
  </datafield>
  <datafield tag="876" ind1=" " ind2=" ">
    <subfield code="0">22252328790006421</subfield>
    <subfield code="a">23252328710006421</subfield>
    <subfield code="j">1</subfield>
    <subfield code="3">July /Dec.  2018</subfield>
    <subfield code="d">2020-12-03 01:15:04</subfield>
    <subfield code="p">32101101627295</subfield>
    <subfield code="t">1</subfield>
  </datafield>
  <datafield tag="876" ind1=" " ind2=" ">
    <subfield code="0">22252311230006421</subfield>
    <subfield code="a">23252310660006421</subfield>
    <subfield code="j">1</subfield>
    <subfield code="3">6096</subfield>
    <subfield code="d">2020-12-03 01:15:04</subfield>
    <subfield code="4">2020</subfield>
    <subfield code="p">ISSitm338-283.10480-princetondb</subfield>
  </datafield>
  <datafield tag="876" ind1=" " ind2=" ">
    <subfield code="0">22252311230006421</subfield>
    <subfield code="a">23252310830006421</subfield>
    <subfield code="j">1</subfield>
    <subfield code="3">6063</subfield>
    <subfield code="d">2020-12-03 01:15:04</subfield>
    <subfield code="4">2019</subfield>
    <subfield code="p">ISSitm338-283.10150-princetondb</subfield>
  </datafield>
  <datafield tag="876" ind1=" " ind2=" ">
    <subfield code="0">22252329550006421</subfield>
    <subfield code="a">23252329010006421</subfield>
    <subfield code="j">1</subfield>
    <subfield code="3">6089</subfield>
    <subfield code="d">2020-12-03 01:15:04</subfield>
    <subfield code="4">2019</subfield>
    <subfield code="p">ISSitm339-284.10150-princetondb</subfield>
  </datafield>
  <datafield tag="876" ind1=" " ind2=" ">
    <subfield code="0">22252328960006421</subfield>
    <subfield code="a">23252328880006421</subfield>
    <subfield code="j">1</subfield>
    <subfield code="3">no. 3662-3678</subfield>
    <subfield code="d">2020-12-03 01:15:04</subfield>
    <subfield code="4">May-Aug. 1972</subfield>
    <subfield code="p">32101086938295</subfield>
    <subfield code="t">1</subfield>
  </datafield>
  <datafield tag="876" ind1=" " ind2=" ">
    <subfield code="0">22252311230006421</subfield>
    <subfield code="a">23252310480006421</subfield>
    <subfield code="j">1</subfield>
    <subfield code="3">6094</subfield>
    <subfield code="d">2020-12-03 01:15:04</subfield>
    <subfield code="4">2020</subfield>
    <subfield code="p">ISSitm338-283.10460-princetondb</subfield>
  </datafield>
  <datafield tag="876" ind1=" " ind2=" ">
    <subfield code="0">22252311230006421</subfield>
    <subfield code="a">23252310620006421</subfield>
    <subfield code="j">1</subfield>
    <subfield code="3">5987</subfield>
    <subfield code="d">2020-12-03 01:15:04</subfield>
    <subfield code="4">2017</subfield>
    <subfield code="p">ISSitm338-283.9390-princetondb</subfield>
  </datafield>
  <datafield tag="876" ind1=" " ind2=" ">
    <subfield code="0">22252312140006421</subfield>
    <subfield code="a">23252311970006421</subfield>
    <subfield code="j">1</subfield>
    <subfield code="3">Jan-Jun 1974</subfield>
    <subfield code="d">2020-12-03 01:15:04</subfield>
    <subfield code="p">32101070319338</subfield>
    <subfield code="t">1</subfield>
  </datafield>
  <datafield tag="876" ind1=" " ind2=" ">
    <subfield code="0">22252329550006421</subfield>
    <subfield code="a">23252329220006421</subfield>
    <subfield code="j">1</subfield>
    <subfield code="3">6114</subfield>
    <subfield code="d">2020-12-03 01:15:04</subfield>
    <subfield code="4">2020</subfield>
    <subfield code="p">ISSitm339-284.10400-princetondb</subfield>
  </datafield>
  <datafield tag="876" ind1=" " ind2=" ">
    <subfield code="0">22252311230006421</subfield>
    <subfield code="a">23252311220006421</subfield>
    <subfield code="j">1</subfield>
    <subfield code="3">5969</subfield>
    <subfield code="d">2020-12-03 01:15:04</subfield>
    <subfield code="4">2017</subfield>
    <subfield code="p">ISSitm338-283.9210-princetondb</subfield>
  </datafield>
  <datafield tag="876" ind1=" " ind2=" ">
    <subfield code="0">22252329550006421</subfield>
    <subfield code="a">23252329440006421</subfield>
    <subfield code="j">1</subfield>
    <subfield code="3">6100</subfield>
    <subfield code="d">2020-12-03 01:15:04</subfield>
    <subfield code="4">2020</subfield>
    <subfield code="p">ISSitm339-284.10260-princetondb</subfield>
  </datafield>
  <datafield tag="876" ind1=" " ind2=" ">
    <subfield code="0">22252329550006421</subfield>
    <subfield code="a">23252329400006421</subfield>
    <subfield code="j">1</subfield>
    <subfield code="3">6117</subfield>
    <subfield code="d">2020-12-03 01:15:04</subfield>
    <subfield code="4">2020</subfield>
    <subfield code="p">ISSitm339-284.10430-princetondb</subfield>
  </datafield>
  <datafield tag="876" ind1=" " ind2=" ">
    <subfield code="0">22252311230006421</subfield>
    <subfield code="a">23252311000006421</subfield>
    <subfield code="j">1</subfield>
    <subfield code="3">6082</subfield>
    <subfield code="d">2020-12-03 01:15:04</subfield>
    <subfield code="4">2019</subfield>
    <subfield code="p">ISSitm338-283.10340-princetondb</subfield>
  </datafield>
  <datafield tag="876" ind1=" " ind2=" ">
    <subfield code="0">22252311230006421</subfield>
    <subfield code="a">23252310870006421</subfield>
    <subfield code="j">1</subfield>
    <subfield code="3">6076</subfield>
    <subfield code="d">2020-12-03 01:15:04</subfield>
    <subfield code="4">2019</subfield>
    <subfield code="p">ISSitm338-283.10280-princetondb</subfield>
  </datafield>
  <datafield tag="876" ind1=" " ind2=" ">
    <subfield code="0">22252311230006421</subfield>
    <subfield code="a">23252311080006421</subfield>
    <subfield code="j">1</subfield>
    <subfield code="3">6053</subfield>
    <subfield code="d">2020-12-03 01:15:04</subfield>
    <subfield code="4">2019</subfield>
    <subfield code="p">ISSitm338-283.10050-princetondb</subfield>
  </datafield>
  <datafield tag="876" ind1=" " ind2=" ">
    <subfield code="0">22252311230006421</subfield>
    <subfield code="a">23252329630006421</subfield>
    <subfield code="j">1</subfield>
    <subfield code="3">6072</subfield>
    <subfield code="d">2020-12-03 01:15:04</subfield>
    <subfield code="4">2019</subfield>
    <subfield code="p">ISSitm338-283.10240-princetondb</subfield>
  </datafield>
  <datafield tag="876" ind1=" " ind2=" ">
    <subfield code="0">22252311230006421</subfield>
    <subfield code="a">23252329740006421</subfield>
    <subfield code="j">1</subfield>
    <subfield code="3">5993</subfield>
    <subfield code="d">2020-12-03 01:15:04</subfield>
    <subfield code="4">2018</subfield>
    <subfield code="p">ISSitm338-283.9450-princetondb</subfield>
  </datafield>
  <datafield tag="876" ind1=" " ind2=" ">
    <subfield code="0">22252311230006421</subfield>
    <subfield code="a">23252310100006421</subfield>
    <subfield code="j">1</subfield>
    <subfield code="3">6084</subfield>
    <subfield code="d">2020-12-03 01:15:04</subfield>
    <subfield code="4">2019</subfield>
    <subfield code="p">ISSitm338-283.10360-princetondb</subfield>
  </datafield>
  <datafield tag="876" ind1=" " ind2=" ">
    <subfield code="0">22252329550006421</subfield>
    <subfield code="a">23252329480006421</subfield>
    <subfield code="j">1</subfield>
    <subfield code="3">6086</subfield>
    <subfield code="d">2020-12-03 01:15:04</subfield>
    <subfield code="4">2019</subfield>
    <subfield code="p">ISSitm339-284.10120-princetondb</subfield>
  </datafield>
  <datafield tag="876" ind1=" " ind2=" ">
    <subfield code="0">22252312140006421</subfield>
    <subfield code="a">23252311520006421</subfield>
    <subfield code="j">1</subfield>
    <subfield code="3">Jan-Jun 1994</subfield>
    <subfield code="d">2020-12-03 01:15:04</subfield>
    <subfield code="p">32101070320211</subfield>
    <subfield code="t">1</subfield>
  </datafield>
  <datafield tag="876" ind1=" " ind2=" ">
    <subfield code="0">22252311230006421</subfield>
    <subfield code="a">23252329670006421</subfield>
    <subfield code="j">1</subfield>
    <subfield code="3">6044</subfield>
    <subfield code="d">2020-12-03 01:15:04</subfield>
    <subfield code="4">2019</subfield>
    <subfield code="p">ISSitm338-283.9960-princetondb</subfield>
  </datafield>
  <datafield tag="876" ind1=" " ind2=" ">
    <subfield code="0">22252312140006421</subfield>
    <subfield code="a">23252311380006421</subfield>
    <subfield code="j">1</subfield>
    <subfield code="3">Jan-Jun 2001</subfield>
    <subfield code="d">2020-12-03 01:15:04</subfield>
    <subfield code="p">32101070320351</subfield>
    <subfield code="t">1</subfield>
  </datafield>
  <datafield tag="876" ind1=" " ind2=" ">
    <subfield code="0">22252312140006421</subfield>
    <subfield code="a">23252311340006421</subfield>
    <subfield code="j">1</subfield>
    <subfield code="3">Jan-Jun 2004</subfield>
    <subfield code="d">2020-12-03 01:15:04</subfield>
    <subfield code="p">32101070320393</subfield>
    <subfield code="t">1</subfield>
  </datafield>
  <datafield tag="876" ind1=" " ind2=" ">
    <subfield code="0">22252312140006421</subfield>
    <subfield code="a">23252311630006421</subfield>
    <subfield code="j">1</subfield>
    <subfield code="3">Jul-Dec 1988</subfield>
    <subfield code="d">2020-12-03 01:15:04</subfield>
    <subfield code="p">32101070320104</subfield>
    <subfield code="t">1</subfield>
  </datafield>
  <datafield tag="876" ind1=" " ind2=" ">
    <subfield code="0">22252311230006421</subfield>
    <subfield code="a">23252329700006421</subfield>
    <subfield code="j">1</subfield>
    <subfield code="3">6026</subfield>
    <subfield code="d">2020-12-03 01:15:04</subfield>
    <subfield code="4">2018</subfield>
    <subfield code="p">ISSitm338-283.9780-princetondb</subfield>
  </datafield>
  <datafield tag="876" ind1=" " ind2=" ">
    <subfield code="0">22252312140006421</subfield>
    <subfield code="a">23252311410006421</subfield>
    <subfield code="j">1</subfield>
    <subfield code="3">Jul-Dec 1999</subfield>
    <subfield code="d">2020-12-03 01:15:04</subfield>
    <subfield code="p">32101070320328</subfield>
    <subfield code="t">1</subfield>
  </datafield>
  <datafield tag="876" ind1=" " ind2=" ">
    <subfield code="0">22252311230006421</subfield>
    <subfield code="a">23252329780006421</subfield>
    <subfield code="j">1</subfield>
    <subfield code="3">5980</subfield>
    <subfield code="d">2020-12-03 01:15:04</subfield>
    <subfield code="4">2017</subfield>
    <subfield code="p">ISSitm338-283.9320-princetondb</subfield>
  </datafield>
  <datafield tag="876" ind1=" " ind2=" ">
    <subfield code="0">22252312140006421</subfield>
    <subfield code="a">23252311560006421</subfield>
    <subfield code="j">1</subfield>
    <subfield code="3">Jan-Jun 1992</subfield>
    <subfield code="d">2020-12-03 01:15:04</subfield>
    <subfield code="p">32101070320179</subfield>
    <subfield code="t">1</subfield>
  </datafield>
  <datafield tag="876" ind1=" " ind2=" ">
    <subfield code="0">22252329550006421</subfield>
    <subfield code="a">23252329190006421</subfield>
    <subfield code="j">1</subfield>
    <subfield code="3">6103</subfield>
    <subfield code="d">2020-12-03 01:15:04</subfield>
    <subfield code="4">2020</subfield>
    <subfield code="p">ISSitm339-284.10290-princetondb</subfield>
  </datafield>
  <datafield tag="876" ind1=" " ind2=" ">
    <subfield code="0">22252329550006421</subfield>
    <subfield code="a">23252329370006421</subfield>
    <subfield code="j">1</subfield>
    <subfield code="3">6070</subfield>
    <subfield code="d">2020-12-03 01:15:04</subfield>
    <subfield code="4">2019</subfield>
    <subfield code="p">ISSitm339-284.9960-princetondb</subfield>
  </datafield>
  <datafield tag="876" ind1=" " ind2=" ">
    <subfield code="0">22252311230006421</subfield>
    <subfield code="a">23252310030006421</subfield>
    <subfield code="j">1</subfield>
    <subfield code="3">5985</subfield>
    <subfield code="d">2020-12-03 01:15:04</subfield>
    <subfield code="4">2017</subfield>
    <subfield code="p">ISSitm338-283.9370-princetondb</subfield>
  </datafield>
  <datafield tag="876" ind1=" " ind2=" ">
    <subfield code="0">22252311230006421</subfield>
    <subfield code="a">23252310070006421</subfield>
    <subfield code="j">1</subfield>
    <subfield code="3">5967</subfield>
    <subfield code="d">2020-12-03 01:15:04</subfield>
    <subfield code="4">2017</subfield>
    <subfield code="p">ISSitm338-283.9190-princetondb</subfield>
  </datafield>
  <datafield tag="876" ind1=" " ind2=" ">
    <subfield code="0">22252311230006421</subfield>
    <subfield code="a">23252329810006421</subfield>
    <subfield code="j">1</subfield>
    <subfield code="3">5984</subfield>
    <subfield code="d">2020-12-03 01:15:04</subfield>
    <subfield code="4">2017</subfield>
    <subfield code="p">ISSitm338-283.9360-princetondb</subfield>
  </datafield>
  <datafield tag="876" ind1=" " ind2=" ">
    <subfield code="0">22252329550006421</subfield>
    <subfield code="a">23252329260006421</subfield>
    <subfield code="j">1</subfield>
    <subfield code="3">6119</subfield>
    <subfield code="d">2020-12-03 01:15:04</subfield>
    <subfield code="4">2020</subfield>
    <subfield code="p">ISSitm339-284.10450-princetondb</subfield>
  </datafield>
  <datafield tag="876" ind1=" " ind2=" ">
    <subfield code="0">22252311230006421</subfield>
    <subfield code="a">23252329850006421</subfield>
    <subfield code="j">1</subfield>
    <subfield code="3">6113</subfield>
    <subfield code="d">2020-12-03 01:15:04</subfield>
    <subfield code="p">ISSitm338-283.10650-princetondb</subfield>
  </datafield>
  <datafield tag="876" ind1=" " ind2=" ">
    <subfield code="0">22252312140006421</subfield>
    <subfield code="a">23252311490006421</subfield>
    <subfield code="j">1</subfield>
    <subfield code="3">Jul-Dec 1995</subfield>
    <subfield code="d">2020-12-03 01:15:04</subfield>
    <subfield code="p">32101070320245</subfield>
    <subfield code="t">1</subfield>
  </datafield>
  <datafield tag="876" ind1=" " ind2=" ">
    <subfield code="0">22252311230006421</subfield>
    <subfield code="a">23252329890006421</subfield>
    <subfield code="j">1</subfield>
    <subfield code="3">6102</subfield>
    <subfield code="d">2020-12-03 01:15:04</subfield>
    <subfield code="4">2020</subfield>
    <subfield code="p">ISSitm338-283.10540-princetondb</subfield>
  </datafield>
  <datafield tag="876" ind1=" " ind2=" ">
    <subfield code="0">22252312140006421</subfield>
    <subfield code="a">23252311450006421</subfield>
    <subfield code="j">1</subfield>
    <subfield code="3">Jul-Dec 1997</subfield>
    <subfield code="d">2020-12-03 01:15:04</subfield>
    <subfield code="p">32101070320286</subfield>
    <subfield code="t">1</subfield>
  </datafield>
  <datafield tag="876" ind1=" " ind2=" ">
    <subfield code="0">22252311230006421</subfield>
    <subfield code="a">23252310250006421</subfield>
    <subfield code="j">1</subfield>
    <subfield code="3">6083</subfield>
    <subfield code="d">2020-12-03 01:15:04</subfield>
    <subfield code="4">2019</subfield>
    <subfield code="p">ISSitm338-283.10350-princetondb</subfield>
  </datafield>
  <datafield tag="876" ind1=" " ind2=" ">
    <subfield code="0">22252312140006421</subfield>
    <subfield code="a">23252311670006421</subfield>
    <subfield code="j">1</subfield>
    <subfield code="3">Jul-Dec 1986</subfield>
    <subfield code="d">2020-12-03 01:15:04</subfield>
    <subfield code="p">32101070320062</subfield>
    <subfield code="t">1</subfield>
  </datafield>
  <datafield tag="876" ind1=" " ind2=" ">
    <subfield code="0">22252311230006421</subfield>
    <subfield code="a">23252310140006421</subfield>
    <subfield code="j">1</subfield>
    <subfield code="3">6075</subfield>
    <subfield code="d">2020-12-03 01:15:04</subfield>
    <subfield code="4">2019</subfield>
    <subfield code="p">ISSitm338-283.10270-princetondb</subfield>
  </datafield>
  <datafield tag="876" ind1=" " ind2=" ">
    <subfield code="0">22252329550006421</subfield>
    <subfield code="a">23252329150006421</subfield>
    <subfield code="j">1</subfield>
    <subfield code="3">6095</subfield>
    <subfield code="d">2020-12-03 01:15:04</subfield>
    <subfield code="4">2020</subfield>
    <subfield code="p">ISSitm339-284.10210-princetondb</subfield>
  </datafield>
  <datafield tag="876" ind1=" " ind2=" ">
    <subfield code="0">22252311230006421</subfield>
    <subfield code="a">23252310180006421</subfield>
    <subfield code="j">1</subfield>
    <subfield code="3">6007</subfield>
    <subfield code="d">2020-12-03 01:15:04</subfield>
    <subfield code="4">2018</subfield>
    <subfield code="p">ISSitm338-283.9590-princetondb</subfield>
  </datafield>
  <datafield tag="876" ind1=" " ind2=" ">
    <subfield code="0">22252311230006421</subfield>
    <subfield code="a">23252310290006421</subfield>
    <subfield code="j">1</subfield>
    <subfield code="3">6050</subfield>
    <subfield code="d">2020-12-03 01:15:04</subfield>
    <subfield code="4">2019</subfield>
    <subfield code="p">ISSitm338-283.10020-princetondb</subfield>
  </datafield>
  <datafield tag="876" ind1=" " ind2=" ">
    <subfield code="0">22252311230006421</subfield>
    <subfield code="a">23252310210006421</subfield>
    <subfield code="j">1</subfield>
    <subfield code="3">6099</subfield>
    <subfield code="d">2020-12-03 01:15:04</subfield>
    <subfield code="4">2020</subfield>
    <subfield code="p">ISSitm338-283.10510-princetondb</subfield>
  </datafield>
  <datafield tag="876" ind1=" " ind2=" ">
    <subfield code="0">22252311230006421</subfield>
    <subfield code="a">23252310320006421</subfield>
    <subfield code="j">1</subfield>
    <subfield code="3">6039</subfield>
    <subfield code="d">2020-12-03 01:15:04</subfield>
    <subfield code="4">2018</subfield>
    <subfield code="p">ISSitm338-283.9910-princetondb</subfield>
  </datafield>
  <datafield tag="876" ind1=" " ind2=" ">
    <subfield code="0">22252311230006421</subfield>
    <subfield code="a">23252310360006421</subfield>
    <subfield code="j">1</subfield>
    <subfield code="3">6017</subfield>
    <subfield code="d">2020-12-03 01:15:04</subfield>
    <subfield code="4">2018</subfield>
    <subfield code="p">ISSitm338-283.9690-princetondb</subfield>
  </datafield>
  <datafield tag="876" ind1=" " ind2=" ">
    <subfield code="0">22252311230006421</subfield>
    <subfield code="a">23252310730006421</subfield>
    <subfield code="j">1</subfield>
    <subfield code="3">6008</subfield>
    <subfield code="d">2020-12-03 01:15:04</subfield>
    <subfield code="4">2018</subfield>
    <subfield code="p">ISSitm338-283.9600-princetondb</subfield>
  </datafield>
  <datafield tag="876" ind1=" " ind2=" ">
    <subfield code="0">22252311230006421</subfield>
    <subfield code="a">23252310720006421</subfield>
    <subfield code="j">1</subfield>
    <subfield code="3">6015</subfield>
    <subfield code="d">2020-12-03 01:15:04</subfield>
    <subfield code="4">2018</subfield>
    <subfield code="p">ISSitm338-283.9670-princetondb</subfield>
  </datafield>
  <datafield tag="876" ind1=" " ind2=" ">
    <subfield code="0">22252311230006421</subfield>
    <subfield code="a">23252310750006421</subfield>
    <subfield code="j">1</subfield>
    <subfield code="3">6000</subfield>
    <subfield code="d">2020-12-03 01:15:04</subfield>
    <subfield code="4">2018</subfield>
    <subfield code="p">ISSitm338-283.9520-princetondb</subfield>
  </datafield>
  <datafield tag="876" ind1=" " ind2=" ">
    <subfield code="0">22252311230006421</subfield>
    <subfield code="a">23252310780006421</subfield>
    <subfield code="j">1</subfield>
    <subfield code="3">6125</subfield>
    <subfield code="d">2020-12-03 01:15:04</subfield>
    <subfield code="p">ISSitm338-283.10770-princetondb</subfield>
  </datafield>
  <datafield tag="876" ind1=" " ind2=" ">
    <subfield code="0">22252329550006421</subfield>
    <subfield code="a">23252329110006421</subfield>
    <subfield code="j">1</subfield>
    <subfield code="3">6123</subfield>
    <subfield code="d">2020-12-03 01:15:04</subfield>
    <subfield code="4">2020</subfield>
    <subfield code="p">ISSitm339-284.10490-princetondb</subfield>
  </datafield>
  <datafield tag="876" ind1=" " ind2=" ">
    <subfield code="0">22252329550006421</subfield>
    <subfield code="a">23252329120006421</subfield>
    <subfield code="j">1</subfield>
    <subfield code="3">6116</subfield>
    <subfield code="d">2020-12-03 01:15:04</subfield>
    <subfield code="4">2020</subfield>
    <subfield code="p">ISSitm339-284.10420-princetondb</subfield>
  </datafield>
  <datafield tag="876" ind1=" " ind2=" ">
    <subfield code="0">22252328790006421</subfield>
    <subfield code="a">23252328580006421</subfield>
    <subfield code="j">1</subfield>
    <subfield code="3">Jan.-June,  2018</subfield>
    <subfield code="d">2020-12-03 01:15:04</subfield>
    <subfield code="p">32101103824924</subfield>
    <subfield code="t">1</subfield>
  </datafield>
  <datafield tag="876" ind1=" " ind2=" ">
    <subfield code="0">22252329550006421</subfield>
    <subfield code="a">23252328990006421</subfield>
    <subfield code="j">0</subfield>
    <subfield code="3">6127</subfield>
    <subfield code="d">2020-12-03 01:15:04</subfield>
    <subfield code="4">2020</subfield>
    <subfield code="p">ISSitm284.10530-princetondb</subfield>
  </datafield>
  <datafield tag="876" ind1=" " ind2=" ">
    <subfield code="0">22252328960006421</subfield>
    <subfield code="a">23252328910006421</subfield>
    <subfield code="j">1</subfield>
    <subfield code="3">no. 3592-3609</subfield>
    <subfield code="d">2020-12-03 01:15:04</subfield>
    <subfield code="4">Jan.-Apr. 1971</subfield>
    <subfield code="p">32101086938337</subfield>
    <subfield code="t">1</subfield>
  </datafield>
  <datafield tag="876" ind1=" " ind2=" ">
    <subfield code="0">22252328960006421</subfield>
    <subfield code="a">23252328930006421</subfield>
    <subfield code="j">1</subfield>
    <subfield code="3">no. 3679-3695</subfield>
    <subfield code="d">2020-12-03 01:15:04</subfield>
    <subfield code="4">Sept.-Dec. 1972</subfield>
    <subfield code="p">32101086938287</subfield>
    <subfield code="t">1</subfield>
  </datafield>
  <datafield tag="876" ind1=" " ind2=" ">
    <subfield code="0">22252329550006421</subfield>
    <subfield code="a">23252329500006421</subfield>
    <subfield code="j">1</subfield>
    <subfield code="3">6066</subfield>
    <subfield code="d">2020-12-03 01:15:04</subfield>
    <subfield code="4">2019</subfield>
    <subfield code="p">ISSitm339-284.9920-princetondb</subfield>
  </datafield>
  <datafield tag="876" ind1=" " ind2=" ">
    <subfield code="0">22252312140006421</subfield>
    <subfield code="a">23252311300006421</subfield>
    <subfield code="j">1</subfield>
    <subfield code="3">Jan-Jun 2005</subfield>
    <subfield code="d">2020-12-03 01:15:04</subfield>
    <subfield code="p">32101070320435</subfield>
    <subfield code="t">1</subfield>
  </datafield>
  <datafield tag="876" ind1=" " ind2=" ">
    <subfield code="0">22252311230006421</subfield>
    <subfield code="a">23252310700006421</subfield>
    <subfield code="j">1</subfield>
    <subfield code="3">6042</subfield>
    <subfield code="d">2020-12-03 01:15:04</subfield>
    <subfield code="4">2019</subfield>
    <subfield code="p">ISSitm338-283.9940-princetondb</subfield>
  </datafield>
  <datafield tag="876" ind1=" " ind2=" ">
    <subfield code="0">22252329550006421</subfield>
    <subfield code="a">23252329530006421</subfield>
    <subfield code="j">1</subfield>
    <subfield code="3">6112</subfield>
    <subfield code="d">2020-12-03 01:15:04</subfield>
    <subfield code="4">2020</subfield>
    <subfield code="p">ISSitm339-284.10380-princetondb</subfield>
  </datafield>
  <datafield tag="876" ind1=" " ind2=" ">
    <subfield code="0">22252311230006421</subfield>
    <subfield code="a">23252329560006421</subfield>
    <subfield code="j">0</subfield>
    <subfield code="3">6127</subfield>
    <subfield code="d">2020-12-03 01:15:04</subfield>
    <subfield code="p">ISSitm283.10790-princetondb</subfield>
  </datafield>
  <datafield tag="876" ind1=" " ind2=" ">
    <subfield code="0">22252312140006421</subfield>
    <subfield code="a">23252311620006421</subfield>
    <subfield code="j">1</subfield>
    <subfield code="3">Jan-Jun 1989</subfield>
    <subfield code="d">2020-12-03 01:15:04</subfield>
    <subfield code="p">32101070320112</subfield>
    <subfield code="t">1</subfield>
  </datafield>
  <datafield tag="876" ind1=" " ind2=" ">
    <subfield code="0">22252312140006421</subfield>
    <subfield code="a">23252311350006421</subfield>
    <subfield code="j">1</subfield>
    <subfield code="3">Jul-Dec 2002</subfield>
    <subfield code="d">2020-12-03 01:15:04</subfield>
    <subfield code="p">32101070320385</subfield>
    <subfield code="t">1</subfield>
  </datafield>
  <datafield tag="876" ind1=" " ind2=" ">
    <subfield code="0">22252312140006421</subfield>
    <subfield code="a">23252311370006421</subfield>
    <subfield code="j">1</subfield>
    <subfield code="3">Jul-Dec 2001</subfield>
    <subfield code="d">2020-12-03 01:15:04</subfield>
    <subfield code="p">32101070320369</subfield>
    <subfield code="t">1</subfield>
  </datafield>
  <datafield tag="876" ind1=" " ind2=" ">
    <subfield code="0">22252312140006421</subfield>
    <subfield code="a">23252311260006421</subfield>
    <subfield code="j">1</subfield>
    <subfield code="3">Jul-Dec 2006</subfield>
    <subfield code="d">2020-12-03 01:15:04</subfield>
    <subfield code="p">32101070320468</subfield>
    <subfield code="t">1</subfield>
  </datafield>
  <datafield tag="876" ind1=" " ind2=" ">
    <subfield code="0">22252312140006421</subfield>
    <subfield code="a">23252311600006421</subfield>
    <subfield code="j">1</subfield>
    <subfield code="3">Jan-Jun 1990</subfield>
    <subfield code="d">2020-12-03 01:15:04</subfield>
    <subfield code="p">32101070320138</subfield>
    <subfield code="t">1</subfield>
  </datafield>
  <datafield tag="876" ind1=" " ind2=" ">
    <subfield code="0">22252329550006421</subfield>
    <subfield code="a">23252329470006421</subfield>
    <subfield code="j">1</subfield>
    <subfield code="3">6092</subfield>
    <subfield code="d">2020-12-03 01:15:04</subfield>
    <subfield code="4">2020</subfield>
    <subfield code="p">ISSitm339-284.10180-princetondb</subfield>
  </datafield>
  <datafield tag="876" ind1=" " ind2=" ">
    <subfield code="0">22252311230006421</subfield>
    <subfield code="a">23252329860006421</subfield>
    <subfield code="j">1</subfield>
    <subfield code="3">6107</subfield>
    <subfield code="d">2020-12-03 01:15:04</subfield>
    <subfield code="p">ISSitm338-283.10590-princetondb</subfield>
  </datafield>
  <datafield tag="876" ind1=" " ind2=" ">
    <subfield code="0">22252311230006421</subfield>
    <subfield code="a">23252310040006421</subfield>
    <subfield code="j">1</subfield>
    <subfield code="3">5972</subfield>
    <subfield code="d">2020-12-03 01:15:04</subfield>
    <subfield code="4">2017</subfield>
    <subfield code="p">ISSitm338-283.9240-princetondb</subfield>
  </datafield>
  <datafield tag="876" ind1=" " ind2=" ">
    <subfield code="0">22252311230006421</subfield>
    <subfield code="a">23252329880006421</subfield>
    <subfield code="j">1</subfield>
    <subfield code="3">6105</subfield>
    <subfield code="d">2020-12-03 01:15:04</subfield>
    <subfield code="p">ISSitm338-283.10570-princetondb</subfield>
  </datafield>
  <datafield tag="876" ind1=" " ind2=" ">
    <subfield code="0">22252311230006421</subfield>
    <subfield code="a">23252310060006421</subfield>
    <subfield code="j">1</subfield>
    <subfield code="3">5965</subfield>
    <subfield code="d">2020-12-03 01:15:04</subfield>
    <subfield code="4">2017</subfield>
    <subfield code="p">ISSitm338-283.9170-princetondb</subfield>
  </datafield>
  <datafield tag="876" ind1=" " ind2=" ">
    <subfield code="0">22252311230006421</subfield>
    <subfield code="a">23252329800006421</subfield>
    <subfield code="j">1</subfield>
    <subfield code="3">5978</subfield>
    <subfield code="d">2020-12-03 01:15:04</subfield>
    <subfield code="4">2017</subfield>
    <subfield code="p">ISSitm338-283.9300-princetondb</subfield>
  </datafield>
  <datafield tag="876" ind1=" " ind2=" ">
    <subfield code="0">22252311230006421</subfield>
    <subfield code="a">23252310420006421</subfield>
    <subfield code="j">1</subfield>
    <subfield code="3">5962</subfield>
    <subfield code="d">2020-12-03 01:15:04</subfield>
    <subfield code="4">2017</subfield>
    <subfield code="p">ISSitm338-283.9140-princetondb</subfield>
  </datafield>
  <datafield tag="876" ind1=" " ind2=" ">
    <subfield code="0">22252311230006421</subfield>
    <subfield code="a">23252329970006421</subfield>
    <subfield code="j">1</subfield>
    <subfield code="3">6009</subfield>
    <subfield code="d">2020-12-03 01:15:04</subfield>
    <subfield code="4">2018</subfield>
    <subfield code="p">ISSitm338-283.9610-princetondb</subfield>
  </datafield>
  <datafield tag="876" ind1=" " ind2=" ">
    <subfield code="0">22252312140006421</subfield>
    <subfield code="a">23252311680006421</subfield>
    <subfield code="j">1</subfield>
    <subfield code="3">Jan-Jun 1986</subfield>
    <subfield code="d">2020-12-03 01:15:04</subfield>
    <subfield code="p">32101070320054</subfield>
    <subfield code="t">1</subfield>
  </datafield>
  <datafield tag="876" ind1=" " ind2=" ">
    <subfield code="0">22252329550006421</subfield>
    <subfield code="a">23252329090006421</subfield>
    <subfield code="j">1</subfield>
    <subfield code="3">6076</subfield>
    <subfield code="d">2020-12-03 01:15:04</subfield>
    <subfield code="4">2019</subfield>
    <subfield code="p">ISSitm339-284.10020-princetondb</subfield>
  </datafield>
  <datafield tag="876" ind1=" " ind2=" ">
    <subfield code="0">22252311230006421</subfield>
    <subfield code="a">23252310400006421</subfield>
    <subfield code="j">1</subfield>
    <subfield code="3">5982</subfield>
    <subfield code="d">2020-12-03 01:15:04</subfield>
    <subfield code="4">2017</subfield>
    <subfield code="p">ISSitm338-283.9340-princetondb</subfield>
  </datafield>
  <datafield tag="876" ind1=" " ind2=" ">
    <subfield code="0">22252329550006421</subfield>
    <subfield code="a">23252329140006421</subfield>
    <subfield code="j">1</subfield>
    <subfield code="3">6105</subfield>
    <subfield code="d">2020-12-03 01:15:04</subfield>
    <subfield code="4">2020</subfield>
    <subfield code="p">ISSitm339-284.10310-princetondb</subfield>
  </datafield>
  <datafield tag="876" ind1=" " ind2=" ">
    <subfield code="0">22252328790006421</subfield>
    <subfield code="a">23252328570006421</subfield>
    <subfield code="j">1</subfield>
    <subfield code="3">July /Dec.  2017</subfield>
    <subfield code="d">2020-12-03 01:15:04</subfield>
    <subfield code="p">32101101621744</subfield>
    <subfield code="t">1</subfield>
  </datafield>
  <datafield tag="876" ind1=" " ind2=" ">
    <subfield code="0">22252311230006421</subfield>
    <subfield code="a">23252310370006421</subfield>
    <subfield code="j">1</subfield>
    <subfield code="3">6014</subfield>
    <subfield code="d">2020-12-03 01:15:04</subfield>
    <subfield code="4">2018</subfield>
    <subfield code="p">ISSitm338-283.9660-princetondb</subfield>
  </datafield>
  <datafield tag="876" ind1=" " ind2=" ">
    <subfield code="0">22252329550006421</subfield>
    <subfield code="a">23252329030006421</subfield>
    <subfield code="j">1</subfield>
    <subfield code="3">6120</subfield>
    <subfield code="d">2020-12-03 01:15:04</subfield>
    <subfield code="4">2020</subfield>
    <subfield code="p">ISSitm339-284.10460-princetondb</subfield>
  </datafield>
  <datafield tag="876" ind1=" " ind2=" ">
    <subfield code="0">22252328790006421</subfield>
    <subfield code="a">23252328660006421</subfield>
    <subfield code="j">1</subfield>
    <subfield code="3">Jan 3-Jun 27, 2014</subfield>
    <subfield code="d">2020-12-03 01:15:04</subfield>
    <subfield code="p">32101092267531</subfield>
    <subfield code="t">1</subfield>
  </datafield>
  <datafield tag="876" ind1=" " ind2=" ">
    <subfield code="0">22252328790006421</subfield>
    <subfield code="a">23252328680006421</subfield>
    <subfield code="j">1</subfield>
    <subfield code="3">Jul 6/Dec 21/28, 2012</subfield>
    <subfield code="d">2020-12-03 01:15:04</subfield>
    <subfield code="p">32101071128811</subfield>
    <subfield code="t">1</subfield>
  </datafield>
  <datafield tag="876" ind1=" " ind2=" ">
    <subfield code="0">22252311230006421</subfield>
    <subfield code="a">23252310390006421</subfield>
    <subfield code="j">1</subfield>
    <subfield code="3">5990</subfield>
    <subfield code="d">2020-12-03 01:15:04</subfield>
    <subfield code="4">2018</subfield>
    <subfield code="p">ISSitm338-283.9420-princetondb</subfield>
  </datafield>
  <datafield tag="876" ind1=" " ind2=" ">
    <subfield code="0">22252312140006421</subfield>
    <subfield code="a">23252311790006421</subfield>
    <subfield code="j">1</subfield>
    <subfield code="3">July-Dec 1983</subfield>
    <subfield code="d">2020-12-03 01:15:04</subfield>
    <subfield code="p">32101070320005</subfield>
    <subfield code="t">1</subfield>
  </datafield>
  <datafield tag="876" ind1=" " ind2=" ">
    <subfield code="0">22252311230006421</subfield>
    <subfield code="a">23252310310006421</subfield>
    <subfield code="j">1</subfield>
    <subfield code="3">6037</subfield>
    <subfield code="d">2020-12-03 01:15:04</subfield>
    <subfield code="4">2018</subfield>
    <subfield code="p">ISSitm338-283.9890-princetondb</subfield>
  </datafield>
  <datafield tag="876" ind1=" " ind2=" ">
    <subfield code="0">22252312140006421</subfield>
    <subfield code="a">23252311730006421</subfield>
    <subfield code="j">1</subfield>
    <subfield code="3">Jan-Jun 1985</subfield>
    <subfield code="d">2020-12-03 01:15:04</subfield>
    <subfield code="p">32101070320039</subfield>
    <subfield code="t">1</subfield>
  </datafield>
  <datafield tag="876" ind1=" " ind2=" ">
    <subfield code="0">22252311230006421</subfield>
    <subfield code="a">23252310670006421</subfield>
    <subfield code="j">1</subfield>
    <subfield code="3">6056</subfield>
    <subfield code="d">2020-12-03 01:15:04</subfield>
    <subfield code="4">2019</subfield>
    <subfield code="p">ISSitm338-283.10080-princetondb</subfield>
  </datafield>
  <datafield tag="876" ind1=" " ind2=" ">
    <subfield code="0">22252328960006421</subfield>
    <subfield code="a">23252328850006421</subfield>
    <subfield code="j">1</subfield>
    <subfield code="3">no. 3732-3747</subfield>
    <subfield code="d">2020-12-03 01:15:04</subfield>
    <subfield code="4">Sept.-Dec. 1973</subfield>
    <subfield code="p">32101086938253</subfield>
    <subfield code="t">1</subfield>
  </datafield>
  <datafield tag="876" ind1=" " ind2=" ">
    <subfield code="0">22252329550006421</subfield>
    <subfield code="a">23252329200006421</subfield>
    <subfield code="j">1</subfield>
    <subfield code="3">6098</subfield>
    <subfield code="d">2020-12-03 01:15:04</subfield>
    <subfield code="4">2020</subfield>
    <subfield code="p">ISSitm339-284.10240-princetondb</subfield>
  </datafield>
  <datafield tag="876" ind1=" " ind2=" ">
    <subfield code="0">22252312140006421</subfield>
    <subfield code="a">23252311980006421</subfield>
    <subfield code="j">1</subfield>
    <subfield code="3">Jul-Dec 1973</subfield>
    <subfield code="d">2020-12-03 01:15:04</subfield>
    <subfield code="p">32101070319320</subfield>
    <subfield code="t">1</subfield>
  </datafield>
  <datafield tag="876" ind1=" " ind2=" ">
    <subfield code="0">22252311230006421</subfield>
    <subfield code="a">23252310640006421</subfield>
    <subfield code="j">1</subfield>
    <subfield code="3">6085</subfield>
    <subfield code="d">2020-12-03 01:15:04</subfield>
    <subfield code="4">2019</subfield>
    <subfield code="p">ISSitm338-283.10370-princetondb</subfield>
  </datafield>
  <datafield tag="876" ind1=" " ind2=" ">
    <subfield code="0">22252311230006421</subfield>
    <subfield code="a">23252311210006421</subfield>
    <subfield code="j">1</subfield>
    <subfield code="3">5964</subfield>
    <subfield code="d">2020-12-03 01:15:04</subfield>
    <subfield code="4">2017</subfield>
    <subfield code="p">ISSitm338-283.9160-princetondb</subfield>
  </datafield>
  <datafield tag="876" ind1=" " ind2=" ">
    <subfield code="0">22252311230006421</subfield>
    <subfield code="a">23252311020006421</subfield>
    <subfield code="j">1</subfield>
    <subfield code="3">6067</subfield>
    <subfield code="d">2020-12-03 01:15:04</subfield>
    <subfield code="4">2019</subfield>
    <subfield code="p">ISSitm338-283.10190-princetondb</subfield>
  </datafield>
  <datafield tag="876" ind1=" " ind2=" ">
    <subfield code="0">22252329550006421</subfield>
    <subfield code="a">23252329420006421</subfield>
    <subfield code="j">1</subfield>
    <subfield code="3">6101</subfield>
    <subfield code="d">2020-12-03 01:15:04</subfield>
    <subfield code="4">2020</subfield>
    <subfield code="p">ISSitm339-284.10270-princetondb</subfield>
  </datafield>
  <datafield tag="876" ind1=" " ind2=" ">
    <subfield code="0">22252311230006421</subfield>
    <subfield code="a">23252311070006421</subfield>
    <subfield code="j">1</subfield>
    <subfield code="3">6048</subfield>
    <subfield code="d">2020-12-03 01:15:04</subfield>
    <subfield code="4">2019</subfield>
    <subfield code="p">ISSitm338-283.10000-princetondb</subfield>
  </datafield>
  <datafield tag="876" ind1=" " ind2=" ">
    <subfield code="0">22252312140006421</subfield>
    <subfield code="a">23252311240006421</subfield>
    <subfield code="j">1</subfield>
    <subfield code="3">July 2-Dec,31. 2010</subfield>
    <subfield code="d">2020-12-03 01:15:04</subfield>
    <subfield code="p">32101053607261</subfield>
    <subfield code="t">1</subfield>
  </datafield>
  <datafield tag="876" ind1=" " ind2=" ">
    <subfield code="0">22252311230006421</subfield>
    <subfield code="a">23252310860006421</subfield>
    <subfield code="j">1</subfield>
    <subfield code="3">6064</subfield>
    <subfield code="d">2020-12-03 01:15:04</subfield>
    <subfield code="4">2019</subfield>
    <subfield code="p">ISSitm338-283.10160-princetondb</subfield>
  </datafield>
  <datafield tag="876" ind1=" " ind2=" ">
    <subfield code="0">22252311230006421</subfield>
    <subfield code="a">23252329610006421</subfield>
    <subfield code="j">1</subfield>
    <subfield code="3">6081</subfield>
    <subfield code="d">2020-12-03 01:15:04</subfield>
    <subfield code="4">2019</subfield>
    <subfield code="p">ISSitm338-283.10330-princetondb</subfield>
  </datafield>
  <datafield tag="876" ind1=" " ind2=" ">
    <subfield code="0">22252311230006421</subfield>
    <subfield code="a">23252310810006421</subfield>
    <subfield code="j">1</subfield>
    <subfield code="3">6090</subfield>
    <subfield code="d">2020-12-03 01:15:04</subfield>
    <subfield code="4">2019</subfield>
    <subfield code="p">ISSitm338-283.10420-princetondb</subfield>
  </datafield>
  <datafield tag="876" ind1=" " ind2=" ">
    <subfield code="0">22252311230006421</subfield>
    <subfield code="a">23252329580006421</subfield>
    <subfield code="j">1</subfield>
    <subfield code="3">6098</subfield>
    <subfield code="d">2020-12-03 01:15:04</subfield>
    <subfield code="4">2020</subfield>
    <subfield code="p">ISSitm338-283.10500-princetondb</subfield>
  </datafield>
  <datafield tag="876" ind1=" " ind2=" ">
    <subfield code="0">22252311230006421</subfield>
    <subfield code="a">23252310010006421</subfield>
    <subfield code="j">1</subfield>
    <subfield code="3">5988</subfield>
    <subfield code="d">2020-12-03 01:15:04</subfield>
    <subfield code="4">2018</subfield>
    <subfield code="p">ISSitm338-283.9400-princetondb</subfield>
  </datafield>
  <datafield tag="876" ind1=" " ind2=" ">
    <subfield code="0">22252312140006421</subfield>
    <subfield code="a">23252311540006421</subfield>
    <subfield code="j">1</subfield>
    <subfield code="3">Jan-Jun 1993</subfield>
    <subfield code="d">2020-12-03 01:15:04</subfield>
    <subfield code="p">32101070320195</subfield>
    <subfield code="t">1</subfield>
  </datafield>
  <datafield tag="876" ind1=" " ind2=" ">
    <subfield code="0">22252329550006421</subfield>
    <subfield code="a">23252329390006421</subfield>
    <subfield code="j">1</subfield>
    <subfield code="3">6067</subfield>
    <subfield code="d">2020-12-03 01:15:04</subfield>
    <subfield code="4">2019</subfield>
    <subfield code="p">ISSitm339-284.9930-princetondb</subfield>
  </datafield>
  <datafield tag="876" ind1=" " ind2=" ">
    <subfield code="0">22252311230006421</subfield>
    <subfield code="a">23252329720006421</subfield>
    <subfield code="j">1</subfield>
    <subfield code="3">6030</subfield>
    <subfield code="d">2020-12-03 01:15:04</subfield>
    <subfield code="4">2018</subfield>
    <subfield code="p">ISSitm338-283.9820-princetondb</subfield>
  </datafield>
  <datafield tag="876" ind1=" " ind2=" ">
    <subfield code="0">22252312140006421</subfield>
    <subfield code="a">23252311290006421</subfield>
    <subfield code="j">1</subfield>
    <subfield code="3">Jan-Jun 2007</subfield>
    <subfield code="d">2020-12-03 01:15:04</subfield>
    <subfield code="p">32101070320476</subfield>
    <subfield code="t">1</subfield>
  </datafield>
  <datafield tag="876" ind1=" " ind2=" ">
    <subfield code="0">22252311230006421</subfield>
    <subfield code="a">23252310120006421</subfield>
    <subfield code="j">1</subfield>
    <subfield code="3">6059</subfield>
    <subfield code="d">2020-12-03 01:15:04</subfield>
    <subfield code="4">2019</subfield>
    <subfield code="p">ISSitm338-283.10110-princetondb</subfield>
  </datafield>
  <datafield tag="876" ind1=" " ind2=" ">
    <subfield code="0">22252329550006421</subfield>
    <subfield code="a">23252329280006421</subfield>
    <subfield code="j">1</subfield>
    <subfield code="3">6108</subfield>
    <subfield code="d">2020-12-03 01:15:04</subfield>
    <subfield code="4">2020</subfield>
    <subfield code="p">ISSitm339-284.10340-princetondb</subfield>
  </datafield>
  <datafield tag="876" ind1=" " ind2=" ">
    <subfield code="0">22252312140006421</subfield>
    <subfield code="a">23252311320006421</subfield>
    <subfield code="j">1</subfield>
    <subfield code="3">Jan-Jun 2004</subfield>
    <subfield code="d">2020-12-03 01:15:04</subfield>
    <subfield code="p">32101070320419</subfield>
    <subfield code="t">1</subfield>
  </datafield>
  <datafield tag="876" ind1=" " ind2=" ">
    <subfield code="0">22252312140006421</subfield>
    <subfield code="a">23252311900006421</subfield>
    <subfield code="j">1</subfield>
    <subfield code="3">Jan-Jun 1977</subfield>
    <subfield code="d">2020-12-03 01:15:04</subfield>
    <subfield code="p">32101070319874</subfield>
    <subfield code="t">1</subfield>
  </datafield>
  <datafield tag="876" ind1=" " ind2=" ">
    <subfield code="0">22252311230006421</subfield>
    <subfield code="a">23252329940006421</subfield>
    <subfield code="j">1</subfield>
    <subfield code="3">6062</subfield>
    <subfield code="d">2020-12-03 01:15:04</subfield>
    <subfield code="4">2019</subfield>
    <subfield code="p">ISSitm338-283.10140-princetondb</subfield>
  </datafield>
  <datafield tag="876" ind1=" " ind2=" ">
    <subfield code="0">22252311230006421</subfield>
    <subfield code="a">23252329830006421</subfield>
    <subfield code="j">1</subfield>
    <subfield code="3">6124</subfield>
    <subfield code="d">2020-12-03 01:15:04</subfield>
    <subfield code="p">ISSitm338-283.10760-princetondb</subfield>
  </datafield>
  <datafield tag="876" ind1=" " ind2=" ">
    <subfield code="0">22252312140006421</subfield>
    <subfield code="a">23252311430006421</subfield>
    <subfield code="j">1</subfield>
    <subfield code="3">Jul-Dec 1998</subfield>
    <subfield code="d">2020-12-03 01:15:04</subfield>
    <subfield code="p">32101070320302</subfield>
    <subfield code="t">1</subfield>
  </datafield>
  <datafield tag="876" ind1=" " ind2=" ">
    <subfield code="0">22252328790006421</subfield>
    <subfield code="a">23252328630006421</subfield>
    <subfield code="j">1</subfield>
    <subfield code="3">Jan 1-June 24, 2016</subfield>
    <subfield code="d">2020-12-03 01:15:04</subfield>
    <subfield code="p">32101101310025</subfield>
    <subfield code="t">1</subfield>
  </datafield>
  <datafield tag="876" ind1=" " ind2=" ">
    <subfield code="0">22252311230006421</subfield>
    <subfield code="a">23252310090006421</subfield>
    <subfield code="j">1</subfield>
    <subfield code="3">6087</subfield>
    <subfield code="d">2020-12-03 01:15:04</subfield>
    <subfield code="4">2019</subfield>
    <subfield code="p">ISSitm338-283.10390-princetondb</subfield>
  </datafield>
  <datafield tag="876" ind1=" " ind2=" ">
    <subfield code="0">22252311230006421</subfield>
    <subfield code="a">23252310340006421</subfield>
    <subfield code="j">1</subfield>
    <subfield code="3">6035</subfield>
    <subfield code="d">2020-12-03 01:15:04</subfield>
    <subfield code="4">2018</subfield>
    <subfield code="p">ISSitm338-283.9870-princetondb</subfield>
  </datafield>
  <datafield tag="876" ind1=" " ind2=" ">
    <subfield code="0">22252329550006421</subfield>
    <subfield code="a">23252329060006421</subfield>
    <subfield code="j">1</subfield>
    <subfield code="3">6096</subfield>
    <subfield code="d">2020-12-03 01:15:04</subfield>
    <subfield code="4">2020</subfield>
    <subfield code="p">ISSitm339-284.10220-princetondb</subfield>
  </datafield>
  <datafield tag="876" ind1=" " ind2=" ">
    <subfield code="0">22252312140006421</subfield>
    <subfield code="a">23252311870006421</subfield>
    <subfield code="j">1</subfield>
    <subfield code="3">Nov 23-Dec 21 1979</subfield>
    <subfield code="d">2020-12-03 01:15:04</subfield>
    <subfield code="p">32101070319924</subfield>
    <subfield code="t">1</subfield>
  </datafield>
  <datafield tag="876" ind1=" " ind2=" ">
    <subfield code="0">22252329550006421</subfield>
    <subfield code="a">23252329170006421</subfield>
    <subfield code="j">1</subfield>
    <subfield code="3">6084</subfield>
    <subfield code="d">2020-12-03 01:15:04</subfield>
    <subfield code="4">2019</subfield>
    <subfield code="p">ISSitm339-284.10100-princetondb</subfield>
  </datafield>
  <datafield tag="876" ind1=" " ind2=" ">
    <subfield code="0">22252311230006421</subfield>
    <subfield code="a">23252310450006421</subfield>
    <subfield code="j">1</subfield>
    <subfield code="3">6104</subfield>
    <subfield code="d">2020-12-03 01:15:04</subfield>
    <subfield code="p">ISSitm338-283.10560-princetondb</subfield>
  </datafield>
  <datafield tag="876" ind1=" " ind2=" ">
    <subfield code="0">22252312140006421</subfield>
    <subfield code="a">23252311650006421</subfield>
    <subfield code="j">1</subfield>
    <subfield code="3">Jul-Dec 1987</subfield>
    <subfield code="d">2020-12-03 01:15:04</subfield>
    <subfield code="p">32101070320088</subfield>
    <subfield code="t">1</subfield>
  </datafield>
  <datafield tag="876" ind1=" " ind2=" ">
    <subfield code="0">22252312140006421</subfield>
    <subfield code="a">23252312110006421</subfield>
    <subfield code="j">1</subfield>
    <subfield code="3">Jan-June 2008</subfield>
    <subfield code="d">2020-12-03 01:15:04</subfield>
    <subfield code="p">32101052576434</subfield>
    <subfield code="t">1</subfield>
  </datafield>
  <datafield tag="876" ind1=" " ind2=" ">
    <subfield code="0">22252311230006421</subfield>
    <subfield code="a">23252310230006421</subfield>
    <subfield code="j">1</subfield>
    <subfield code="3">6089</subfield>
    <subfield code="d">2020-12-03 01:15:04</subfield>
    <subfield code="4">2019</subfield>
    <subfield code="p">ISSitm338-283.10410-princetondb</subfield>
  </datafield>
  <datafield tag="876" ind1=" " ind2=" ">
    <subfield code="0">22252312140006421</subfield>
    <subfield code="a">23252312080006421</subfield>
    <subfield code="j">1</subfield>
    <subfield code="3">Jul-Dec 1971</subfield>
    <subfield code="d">2020-12-03 01:15:04</subfield>
    <subfield code="p">32101070319288</subfield>
    <subfield code="t">1</subfield>
  </datafield>
  <datafield tag="876" ind1=" " ind2=" ">
    <subfield code="0">22252312140006421</subfield>
    <subfield code="a">23252312000006421</subfield>
    <subfield code="j">1</subfield>
    <subfield code="3">Jan-Jun 1972</subfield>
    <subfield code="d">2020-12-03 01:15:04</subfield>
    <subfield code="p">32101070319296</subfield>
    <subfield code="t">1</subfield>
  </datafield>
    <datafield tag="951" ind1=" " ind2=" ">
    <subfield code="v">2020-12-08 11:51:12 US/Eastern</subfield>
    <subfield code="u">System</subfield>
    <subfield code="t">2020-12-08 11:51:07 US/Eastern</subfield>
    <subfield code="x">https://na07.alma.exlibrisgroup.com/view/uresolver/01PRI_INST/openurl?u.ignore_date_coverage=true&amp;portfolio_pid=53372339110006421&amp;Force_direct=true</subfield>
    <subfield code="s">P2E_JOB</subfield>
    <subfield code="0">53372339110006421</subfield>
    <subfield code="w">2020-12-08 16:51:07</subfield>
    <subfield code="f">false</subfield>
    <subfield code="b">static</subfield>
    <subfield code="1">52372339130006421</subfield>
    <subfield code="c">d?u.ignore_date_coverage=true&amp;rft.mms_id=9939238033506421</subfield>
    <subfield code="a">Available</subfield>
    <subfield code="e">BOOK</subfield>
    <subfield code="8">53372339110006421</subfield>
  </datafield>

</record>